timestamp,symbol,price,quantity,buyer,seller
600,TOMATOES,5014,4,SUBMISSION,
900,TOMATOES,5000,3,,SUBMISSION
1100,TOMATOES,5013,3,SUBMISSION,
1400,TOMATOES,5000,3,,SUBMISSION
1500,TOMATOES,5014,4,SUBMISSION,
1700,TOMATOES,5000,3,,SUBMISSION
1900,TOMATOES,5000,3,,SUBMISSION
2200,TOMATOES,4997,4,,SUBMISSION
2500,TOMATOES,4996,3,,SUBMISSION
2900,TOMATOES,5011,3,SUBMISSION,
4200,TOMATOES,5009,3,SUBMISSION,
4300,TOMATOES,4995,4,,SUBMISSION
4500,TOMATOES,5009,3,SUBMISSION,
5000,TOMATOES,5009,3,SUBMISSION,
5700,TOMATOES,5009,4,SUBMISSION,
5800,TOMATOES,4995,3,,SUBMISSION
7600,TOMATOES,5012,3,SUBMISSION,
9600,TOMATOES,4999,3,,SUBMISSION
10300,TOMATOES,5015,3,SUBMISSION,
10600,TOMATOES,5002,3,,SUBMISSION
11100,TOMATOES,4999,3,,SUBMISSION
11800,TOMATOES,4999,3,,SUBMISSION
12100,TOMATOES,5012,3,SUBMISSION,
12300,TOMATOES,5014,3,SUBMISSION,
13000,TOMATOES,4998,3,,SUBMISSION
13700,TOMATOES,5012,5,SUBMISSION,
13900,TOMATOES,4997,8,,SUBMISSION
14900,TOMATOES,5009,3,SUBMISSION,
15800,TOMATOES,5012,3,SUBMISSION,
15900,TOMATOES,4998,3,,SUBMISSION
17400,TOMATOES,5010,4,SUBMISSION,
17800,TOMATOES,4996,3,,SUBMISSION
18500,TOMATOES,4994,6,,SUBMISSION
19400,TOMATOES,5006,3,SUBMISSION,
20300,TOMATOES,5006,3,SUBMISSION,
20400,TOMATOES,4992,4,,SUBMISSION
20500,TOMATOES,5005,3,SUBMISSION,
20700,TOMATOES,5005,3,SUBMISSION,
21300,TOMATOES,4992,3,,SUBMISSION
22600,TOMATOES,5004,3,SUBMISSION,
22900,TOMATOES,4991,3,,SUBMISSION
23500,TOMATOES,4989,3,,SUBMISSION
24400,TOMATOES,5003,3,SUBMISSION,
25700,TOMATOES,5003,3,SUBMISSION,
26300,TOMATOES,4987,3,,SUBMISSION
26800,TOMATOES,4989,3,,SUBMISSION
27000,TOMATOES,5002,3,SUBMISSION,
27400,TOMATOES,5002,6,SUBMISSION,
27600,TOMATOES,4987,4,,SUBMISSION
28000,TOMATOES,4987,3,,SUBMISSION
28900,TOMATOES,5000,5,SUBMISSION,
29100,TOMATOES,4985,4,,SUBMISSION
29600,TOMATOES,4984,3,,SUBMISSION
30000,TOMATOES,4983,5,,SUBMISSION
30000,TOMATOES,4983,1,,SUBMISSION
30200,TOMATOES,4996,3,SUBMISSION,
30400,TOMATOES,4996,4,SUBMISSION,
31000,TOMATOES,4997,4,SUBMISSION,
33200,TOMATOES,4984,3,,SUBMISSION
33400,TOMATOES,4998,3,SUBMISSION,
35100,TOMATOES,5000,3,SUBMISSION,
36600,TOMATOES,4985,3,,SUBMISSION
37900,TOMATOES,4984,3,,SUBMISSION
38200,TOMATOES,4982,3,,SUBMISSION
38400,TOMATOES,4982,3,,SUBMISSION
38900,TOMATOES,4994,3,SUBMISSION,
41100,TOMATOES,4991,3,SUBMISSION,
41700,TOMATOES,4991,4,SUBMISSION,
42200,TOMATOES,4976,3,,SUBMISSION
42600,TOMATOES,4975,3,,SUBMISSION
43400,TOMATOES,4989,3,SUBMISSION,
43500,TOMATOES,4990,4,SUBMISSION,
43800,TOMATOES,4976,3,,SUBMISSION
44300,TOMATOES,4991,3,SUBMISSION,
45100,TOMATOES,4976,3,,SUBMISSION
45500,TOMATOES,4976,4,,SUBMISSION
45600,TOMATOES,4989,5,SUBMISSION,
46500,TOMATOES,4990,3,SUBMISSION,
46600,TOMATOES,4976,6,,SUBMISSION
46900,TOMATOES,4991,3,SUBMISSION,
48500,TOMATOES,4993,3,SUBMISSION,
48700,TOMATOES,4995,4,SUBMISSION,
49100,TOMATOES,4996,3,SUBMISSION,
49500,TOMATOES,4981,4,,SUBMISSION
50100,TOMATOES,4982,3,,SUBMISSION
50300,TOMATOES,4980,3,,SUBMISSION
50400,TOMATOES,4980,4,,SUBMISSION
51100,TOMATOES,4994,3,SUBMISSION,
51600,TOMATOES,4994,5,SUBMISSION,
51900,TOMATOES,4980,3,,SUBMISSION
52500,TOMATOES,4979,3,,SUBMISSION
52600,TOMATOES,4980,3,,SUBMISSION
52800,TOMATOES,4994,4,SUBMISSION,
53100,TOMATOES,4995,3,SUBMISSION,
53700,TOMATOES,4997,3,SUBMISSION,
54800,TOMATOES,4982,3,,SUBMISSION
55800,TOMATOES,4982,3,,SUBMISSION
56100,TOMATOES,4981,3,,SUBMISSION
56500,TOMATOES,4980,5,,SUBMISSION
56600,TOMATOES,4995,3,SUBMISSION,
56900,TOMATOES,4994,3,SUBMISSION,
57200,TOMATOES,4995,3,SUBMISSION,
57900,TOMATOES,4981,3,,SUBMISSION
58100,TOMATOES,4995,3,SUBMISSION,
59000,TOMATOES,4979,3,,SUBMISSION
59900,TOMATOES,4995,4,SUBMISSION,
60400,TOMATOES,4996,3,SUBMISSION,
61200,TOMATOES,4982,5,,SUBMISSION
61400,TOMATOES,4997,6,SUBMISSION,
62000,TOMATOES,4983,3,,SUBMISSION
65300,TOMATOES,4983,3,,SUBMISSION
65400,TOMATOES,4983,3,,SUBMISSION
65700,TOMATOES,4997,3,SUBMISSION,
66100,TOMATOES,4996,3,SUBMISSION,
66500,TOMATOES,4982,4,,SUBMISSION
66800,TOMATOES,4981,3,,SUBMISSION
68500,TOMATOES,4993,3,SUBMISSION,
68900,TOMATOES,4994,3,SUBMISSION,
69400,TOMATOES,4979,3,,SUBMISSION
69900,TOMATOES,4994,3,SUBMISSION,
70500,TOMATOES,4980,4,,SUBMISSION
71500,TOMATOES,4994,3,SUBMISSION,
72000,TOMATOES,4995,3,SUBMISSION,
74000,TOMATOES,4981,3,,SUBMISSION
74100,TOMATOES,4996,4,SUBMISSION,
75200,TOMATOES,4982,3,,SUBMISSION
75800,TOMATOES,4982,3,,SUBMISSION
76800,TOMATOES,4997,3,SUBMISSION,
77100,TOMATOES,4997,3,SUBMISSION,
77500,TOMATOES,4982,4,,SUBMISSION
78500,TOMATOES,4997,5,SUBMISSION,
78700,TOMATOES,4984,3,,SUBMISSION
80500,TOMATOES,4985,4,,SUBMISSION
82100,TOMATOES,4981,3,,SUBMISSION
84600,TOMATOES,4993,7,SUBMISSION,
84800,TOMATOES,4979,3,,SUBMISSION
85100,TOMATOES,4977,4,,SUBMISSION
86000,TOMATOES,4991,4,SUBMISSION,
87200,TOMATOES,4990,3,SUBMISSION,
87900,TOMATOES,4976,4,,SUBMISSION
88600,TOMATOES,4976,4,,SUBMISSION
88800,TOMATOES,4989,3,SUBMISSION,
91000,TOMATOES,4974,3,,SUBMISSION
91100,TOMATOES,4988,3,SUBMISSION,
91300,TOMATOES,4987,3,SUBMISSION,
93700,TOMATOES,4971,3,,SUBMISSION
94000,TOMATOES,4984,3,SUBMISSION,
94800,TOMATOES,4988,3,SUBMISSION,
95400,TOMATOES,4989,3,SUBMISSION,
95800,TOMATOES,4977,3,,SUBMISSION
97400,TOMATOES,4991,3,SUBMISSION,
97700,TOMATOES,4978,3,,SUBMISSION
98200,TOMATOES,4977,3,,SUBMISSION
98800,TOMATOES,4993,4,SUBMISSION,
99400,TOMATOES,4980,3,,SUBMISSION
100200,TOMATOES,4977,3,,SUBMISSION
101000,TOMATOES,4993,3,SUBMISSION,
101500,TOMATOES,4994,5,SUBMISSION,
102100,TOMATOES,4981,3,,SUBMISSION
103400,TOMATOES,4982,3,,SUBMISSION
105400,TOMATOES,4994,3,SUBMISSION,
105600,TOMATOES,4981,4,,SUBMISSION
106000,TOMATOES,4979,3,,SUBMISSION
106100,TOMATOES,4980,4,,SUBMISSION
106600,TOMATOES,4993,3,SUBMISSION,
106800,TOMATOES,4993,3,SUBMISSION,
108200,TOMATOES,4993,3,SUBMISSION,
108600,TOMATOES,4995,3,SUBMISSION,
109900,TOMATOES,4999,4,SUBMISSION,
111000,TOMATOES,4986,3,,SUBMISSION
111800,TOMATOES,4986,3,,SUBMISSION
114400,TOMATOES,4986,3,,SUBMISSION
115700,TOMATOES,5001,3,SUBMISSION,
117200,TOMATOES,5004,3,SUBMISSION,
117600,TOMATOES,5004,5,SUBMISSION,
117800,TOMATOES,4991,3,,SUBMISSION
118000,TOMATOES,4991,3,,SUBMISSION
118400,TOMATOES,4990,3,,SUBMISSION
122500,TOMATOES,4989,6,,SUBMISSION
123000,TOMATOES,5003,3,SUBMISSION,
123800,TOMATOES,4987,3,,SUBMISSION
124600,TOMATOES,5001,3,SUBMISSION,
124800,TOMATOES,5002,3,SUBMISSION,
125300,TOMATOES,4986,3,,SUBMISSION
125900,TOMATOES,4986,4,,SUBMISSION
126100,TOMATOES,5000,3,SUBMISSION,
126400,TOMATOES,5001,3,SUBMISSION,
129400,TOMATOES,5000,4,SUBMISSION,
129500,TOMATOES,4986,3,,SUBMISSION
129700,TOMATOES,4987,5,,SUBMISSION
129900,TOMATOES,5001,3,SUBMISSION,
130500,TOMATOES,4985,3,,SUBMISSION
131500,TOMATOES,4999,3,SUBMISSION,
132200,TOMATOES,5000,3,SUBMISSION,
134000,TOMATOES,4987,5,,SUBMISSION
134600,TOMATOES,5000,4,SUBMISSION,
134900,TOMATOES,4985,3,,SUBMISSION
135900,TOMATOES,4986,5,,SUBMISSION
136000,TOMATOES,5000,3,SUBMISSION,
136100,TOMATOES,5000,3,SUBMISSION,
136300,TOMATOES,5001,6,SUBMISSION,
136300,TOMATOES,5001,1,SUBMISSION,
136500,TOMATOES,4986,3,,SUBMISSION
136700,TOMATOES,4985,3,,SUBMISSION
137800,TOMATOES,5001,3,SUBMISSION,
138600,TOMATOES,4987,5,,SUBMISSION
139700,TOMATOES,5001,3,SUBMISSION,
140200,TOMATOES,4986,6,,SUBMISSION
140800,TOMATOES,5000,4,SUBMISSION,
140900,TOMATOES,5002,3,SUBMISSION,
141200,TOMATOES,5002,3,SUBMISSION,
141300,TOMATOES,4989,4,,SUBMISSION
141500,TOMATOES,5002,3,SUBMISSION,
141700,TOMATOES,5003,5,SUBMISSION,
142000,TOMATOES,4988,5,,SUBMISSION
142100,TOMATOES,4987,3,,SUBMISSION
142900,TOMATOES,4987,3,,SUBMISSION
144300,TOMATOES,4987,3,,SUBMISSION
144500,TOMATOES,4999,3,SUBMISSION,
145700,TOMATOES,5000,3,SUBMISSION,
147000,TOMATOES,4985,3,,SUBMISSION
147300,TOMATOES,4999,4,SUBMISSION,
147600,TOMATOES,4985,3,,SUBMISSION
149100,TOMATOES,4999,4,SUBMISSION,
149300,TOMATOES,4984,3,,SUBMISSION
149700,TOMATOES,4984,3,,SUBMISSION
151200,TOMATOES,4997,3,SUBMISSION,
151600,TOMATOES,4997,4,SUBMISSION,
151900,TOMATOES,4983,4,,SUBMISSION
152900,TOMATOES,4996,3,SUBMISSION,
153100,TOMATOES,4983,3,,SUBMISSION
153500,TOMATOES,4982,3,,SUBMISSION
154200,TOMATOES,4995,3,SUBMISSION,
154300,TOMATOES,4996,4,SUBMISSION,
155900,TOMATOES,4984,4,,SUBMISSION
156600,TOMATOES,4983,6,,SUBMISSION
156900,TOMATOES,4997,3,SUBMISSION,
158400,TOMATOES,4980,3,,SUBMISSION
158600,TOMATOES,4977,3,,SUBMISSION
159300,TOMATOES,4991,3,SUBMISSION,
159400,TOMATOES,4991,4,SUBMISSION,
159600,TOMATOES,4977,3,,SUBMISSION
160300,TOMATOES,4992,4,SUBMISSION,
160700,TOMATOES,4978,3,,SUBMISSION
160900,TOMATOES,4990,4,SUBMISSION,
161700,TOMATOES,4976,3,,SUBMISSION
162600,TOMATOES,4975,3,,SUBMISSION
162800,TOMATOES,4989,3,SUBMISSION,
163200,TOMATOES,4989,5,SUBMISSION,
164900,TOMATOES,4978,3,,SUBMISSION
165100,TOMATOES,4992,3,SUBMISSION,
165200,TOMATOES,4978,3,,SUBMISSION
165300,TOMATOES,4992,3,SUBMISSION,
165500,TOMATOES,4991,3,SUBMISSION,
167800,TOMATOES,4981,3,,SUBMISSION
167900,TOMATOES,4981,5,,SUBMISSION
168100,TOMATOES,4995,3,SUBMISSION,
169400,TOMATOES,4996,3,SUBMISSION,
169900,TOMATOES,4981,3,,SUBMISSION
173100,TOMATOES,4997,3,SUBMISSION,
173600,TOMATOES,4999,3,SUBMISSION,
174500,TOMATOES,4985,3,,SUBMISSION
175000,TOMATOES,4984,3,,SUBMISSION
179500,TOMATOES,4983,3,,SUBMISSION
180400,TOMATOES,4980,3,,SUBMISSION
180500,TOMATOES,4980,4,,SUBMISSION
180700,TOMATOES,4994,3,SUBMISSION,
180900,TOMATOES,4995,3,SUBMISSION,
181100,TOMATOES,4996,4,SUBMISSION,
182200,TOMATOES,4997,3,SUBMISSION,
182300,TOMATOES,4997,5,SUBMISSION,
182400,TOMATOES,4982,3,,SUBMISSION
182600,TOMATOES,4981,4,,SUBMISSION
183700,TOMATOES,4996,4,SUBMISSION,
183900,TOMATOES,4982,3,,SUBMISSION
184400,TOMATOES,4981,4,,SUBMISSION
185200,TOMATOES,4997,3,SUBMISSION,
185800,TOMATOES,4998,3,SUBMISSION,
187000,TOMATOES,4985,5,,SUBMISSION
187100,TOMATOES,5000,3,SUBMISSION,
187300,TOMATOES,5001,3,SUBMISSION,
187800,TOMATOES,5002,3,SUBMISSION,
188400,TOMATOES,4988,3,,SUBMISSION
189000,TOMATOES,4987,4,,SUBMISSION
189200,TOMATOES,5001,4,SUBMISSION,
189300,TOMATOES,4986,4,,SUBMISSION
189500,TOMATOES,4986,3,,SUBMISSION
191300,TOMATOES,5000,3,SUBMISSION,
192300,TOMATOES,4985,3,,SUBMISSION
192800,TOMATOES,4984,3,,SUBMISSION
193200,TOMATOES,4999,3,SUBMISSION,
193800,TOMATOES,4998,4,SUBMISSION,
194100,TOMATOES,4984,3,,SUBMISSION
194400,TOMATOES,4983,3,,SUBMISSION
195600,TOMATOES,4997,6,SUBMISSION,
195700,TOMATOES,4998,4,SUBMISSION,
195900,TOMATOES,4984,4,,SUBMISSION
197000,TOMATOES,5000,3,SUBMISSION,
197300,TOMATOES,4985,3,,SUBMISSION
199200,TOMATOES,5002,4,SUBMISSION,
199400,TOMATOES,4988,3,,SUBMISSION
200900,TOMATOES,4988,5,,SUBMISSION
201400,TOMATOES,5003,3,SUBMISSION,
201600,TOMATOES,5005,3,SUBMISSION,
202100,TOMATOES,5005,4,SUBMISSION,
202300,TOMATOES,4992,3,,SUBMISSION
202700,TOMATOES,4989,4,,SUBMISSION
202900,TOMATOES,4989,4,,SUBMISSION
203100,TOMATOES,5002,3,SUBMISSION,
203300,TOMATOES,4988,4,,SUBMISSION
204500,TOMATOES,5002,4,SUBMISSION,
205700,TOMATOES,5004,3,SUBMISSION,
206300,TOMATOES,4989,3,,SUBMISSION
206800,TOMATOES,4989,4,,SUBMISSION
207300,TOMATOES,5003,4,SUBMISSION,
207800,TOMATOES,5004,3,SUBMISSION,
208900,TOMATOES,4990,3,,SUBMISSION
209800,TOMATOES,5006,4,SUBMISSION,
212700,TOMATOES,4994,3,,SUBMISSION
213000,TOMATOES,4992,3,,SUBMISSION
215200,TOMATOES,4990,6,,SUBMISSION
215400,TOMATOES,5003,3,SUBMISSION,
215600,TOMATOES,5003,3,SUBMISSION,
215700,TOMATOES,4988,4,,SUBMISSION
216400,TOMATOES,5002,3,SUBMISSION,
217300,TOMATOES,4987,3,,SUBMISSION
217800,TOMATOES,5000,5,SUBMISSION,
218100,TOMATOES,4986,3,,SUBMISSION
220300,TOMATOES,4981,3,,SUBMISSION
220500,TOMATOES,4979,3,,SUBMISSION
220800,TOMATOES,4979,3,,SUBMISSION
221000,TOMATOES,4992,7,SUBMISSION,
221500,TOMATOES,4994,3,SUBMISSION,
221600,TOMATOES,4980,3,,SUBMISSION
221800,TOMATOES,4993,3,SUBMISSION,
222300,TOMATOES,4994,3,SUBMISSION,
223700,TOMATOES,4996,5,SUBMISSION,
224100,TOMATOES,4982,3,,SUBMISSION
224200,TOMATOES,4982,4,,SUBMISSION
224400,TOMATOES,4996,3,SUBMISSION,
226600,TOMATOES,4998,3,SUBMISSION,
228000,TOMATOES,4984,3,,SUBMISSION
228500,TOMATOES,4983,5,,SUBMISSION
229200,TOMATOES,4980,3,,SUBMISSION
230700,TOMATOES,4992,3,SUBMISSION,
231500,TOMATOES,4975,3,,SUBMISSION
231600,TOMATOES,4988,3,SUBMISSION,
232600,TOMATOES,4990,3,SUBMISSION,
232900,TOMATOES,4975,3,,SUBMISSION
233300,TOMATOES,4990,3,SUBMISSION,
235200,TOMATOES,4975,4,,SUBMISSION
235400,TOMATOES,4989,4,SUBMISSION,
235800,TOMATOES,4990,3,SUBMISSION,
237600,TOMATOES,4993,5,SUBMISSION,
237800,TOMATOES,4978,3,,SUBMISSION
238000,TOMATOES,4977,3,,SUBMISSION
239000,TOMATOES,4977,3,,SUBMISSION
240300,TOMATOES,4991,6,SUBMISSION,
240500,TOMATOES,4977,3,,SUBMISSION
240800,TOMATOES,4976,3,,SUBMISSION
241400,TOMATOES,4993,4,SUBMISSION,
241800,TOMATOES,4994,3,SUBMISSION,
242300,TOMATOES,4979,3,,SUBMISSION
242600,TOMATOES,4978,3,,SUBMISSION
242800,TOMATOES,4979,3,,SUBMISSION
242900,TOMATOES,4993,3,SUBMISSION,
243700,TOMATOES,4994,3,SUBMISSION,
244100,TOMATOES,4995,3,SUBMISSION,
245300,TOMATOES,4983,3,,SUBMISSION
245700,TOMATOES,4996,4,SUBMISSION,
246100,TOMATOES,4983,3,,SUBMISSION
246400,TOMATOES,4981,4,,SUBMISSION
247100,TOMATOES,4980,3,,SUBMISSION
248200,TOMATOES,4994,3,SUBMISSION,
249600,TOMATOES,4978,4,,SUBMISSION
250000,TOMATOES,4977,5,,SUBMISSION
250200,TOMATOES,4991,3,SUBMISSION,
250400,TOMATOES,4991,3,SUBMISSION,
251100,TOMATOES,4992,3,SUBMISSION,
252400,TOMATOES,4992,4,SUBMISSION,
253000,TOMATOES,4978,3,,SUBMISSION
253300,TOMATOES,4992,4,SUBMISSION,
253500,TOMATOES,4979,6,,SUBMISSION
253700,TOMATOES,4993,4,SUBMISSION,
254200,TOMATOES,4995,3,SUBMISSION,
254700,TOMATOES,4980,3,,SUBMISSION
255400,TOMATOES,4980,6,,SUBMISSION
255600,TOMATOES,4994,3,SUBMISSION,
256700,TOMATOES,4979,4,,SUBMISSION
256900,TOMATOES,4993,3,SUBMISSION,
257200,TOMATOES,4993,3,SUBMISSION,
258700,TOMATOES,4994,3,SUBMISSION,
260100,TOMATOES,4981,3,,SUBMISSION
262500,TOMATOES,4981,3,,SUBMISSION
262700,TOMATOES,4980,3,,SUBMISSION
263200,TOMATOES,4995,3,SUBMISSION,
263800,TOMATOES,4996,3,SUBMISSION,
264800,TOMATOES,4980,3,,SUBMISSION
266100,TOMATOES,4993,4,SUBMISSION,
266600,TOMATOES,4979,4,,SUBMISSION
268300,TOMATOES,4994,3,SUBMISSION,
269700,TOMATOES,4980,4,,SUBMISSION
269900,TOMATOES,4993,6,SUBMISSION,
270200,TOMATOES,4979,3,,SUBMISSION
270500,TOMATOES,4978,3,,SUBMISSION
270700,TOMATOES,4976,3,,SUBMISSION
271400,TOMATOES,4991,3,SUBMISSION,
271600,TOMATOES,4992,6,SUBMISSION,
272100,TOMATOES,4978,3,,SUBMISSION
272600,TOMATOES,4976,3,,SUBMISSION
272800,TOMATOES,4991,4,SUBMISSION,
275000,TOMATOES,4992,3,SUBMISSION,
275200,TOMATOES,4979,3,,SUBMISSION
275500,TOMATOES,4979,4,,SUBMISSION
275700,TOMATOES,4992,3,SUBMISSION,
276200,TOMATOES,4995,3,SUBMISSION,
276500,TOMATOES,4995,3,SUBMISSION,
276900,TOMATOES,4981,3,,SUBMISSION
277400,TOMATOES,4980,3,,SUBMISSION
278400,TOMATOES,4996,5,SUBMISSION,
278800,TOMATOES,4981,3,,SUBMISSION
279200,TOMATOES,4980,7,,SUBMISSION
279400,TOMATOES,4993,4,SUBMISSION,
279600,TOMATOES,4978,3,,SUBMISSION
280100,TOMATOES,4977,7,,SUBMISSION
280300,TOMATOES,4990,3,SUBMISSION,
280700,TOMATOES,4990,3,SUBMISSION,
281000,TOMATOES,4991,3,SUBMISSION,
281800,TOMATOES,4976,4,,SUBMISSION
282000,TOMATOES,4990,3,SUBMISSION,
282500,TOMATOES,4990,5,SUBMISSION,
282700,TOMATOES,4976,3,,SUBMISSION
283300,TOMATOES,4976,3,,SUBMISSION
283500,TOMATOES,4990,3,SUBMISSION,
283900,TOMATOES,4990,4,SUBMISSION,
284100,TOMATOES,4976,3,,SUBMISSION
284400,TOMATOES,4975,4,,SUBMISSION
284700,TOMATOES,4974,4,,SUBMISSION
284900,TOMATOES,4988,3,SUBMISSION,
285800,TOMATOES,4986,5,SUBMISSION,
285900,TOMATOES,4973,5,,SUBMISSION
286200,TOMATOES,4988,4,SUBMISSION,
286800,TOMATOES,4989,4,SUBMISSION,
286900,TOMATOES,4975,3,,SUBMISSION
287100,TOMATOES,4988,5,SUBMISSION,
289300,TOMATOES,4978,3,,SUBMISSION
290300,TOMATOES,4977,3,,SUBMISSION
292800,TOMATOES,4993,3,SUBMISSION,
295100,TOMATOES,4979,3,,SUBMISSION
295400,TOMATOES,4979,4,,SUBMISSION
295900,TOMATOES,4992,3,SUBMISSION,
296200,TOMATOES,4992,3,SUBMISSION,
298800,TOMATOES,4996,3,SUBMISSION,
299200,TOMATOES,4981,3,,SUBMISSION
300200,TOMATOES,4979,4,,SUBMISSION
300400,TOMATOES,4993,3,SUBMISSION,
300700,TOMATOES,4978,3,,SUBMISSION
301600,TOMATOES,4978,5,,SUBMISSION
301800,TOMATOES,4991,3,SUBMISSION,
302100,TOMATOES,4992,3,SUBMISSION,
302500,TOMATOES,4977,3,,SUBMISSION
302800,TOMATOES,4991,3,SUBMISSION,
303800,TOMATOES,4975,3,,SUBMISSION
305000,TOMATOES,4989,3,SUBMISSION,
305300,TOMATOES,4990,3,SUBMISSION,
307500,TOMATOES,4975,3,,SUBMISSION
309700,TOMATOES,4989,3,SUBMISSION,
309900,TOMATOES,4990,3,SUBMISSION,
310600,TOMATOES,4975,4,,SUBMISSION
310700,TOMATOES,4975,3,,SUBMISSION
311000,TOMATOES,4989,3,SUBMISSION,
312800,TOMATOES,4990,3,SUBMISSION,
313300,TOMATOES,4975,3,,SUBMISSION
316400,TOMATOES,4974,5,,SUBMISSION
316500,TOMATOES,4988,3,SUBMISSION,
316800,TOMATOES,4989,4,SUBMISSION,
317100,TOMATOES,4990,3,SUBMISSION,
318100,TOMATOES,4978,3,,SUBMISSION
319100,TOMATOES,4991,3,SUBMISSION,
321000,TOMATOES,4978,5,,SUBMISSION
321200,TOMATOES,4976,4,,SUBMISSION
321500,TOMATOES,4976,5,,SUBMISSION
321500,TOMATOES,4976,1,,SUBMISSION
321700,TOMATOES,4990,4,SUBMISSION,
321900,TOMATOES,4991,4,SUBMISSION,
322300,TOMATOES,4992,3,SUBMISSION,
322900,TOMATOES,4976,3,,SUBMISSION
324100,TOMATOES,4991,3,SUBMISSION,
324300,TOMATOES,4992,3,SUBMISSION,
324700,TOMATOES,4978,3,,SUBMISSION
325100,TOMATOES,4976,3,,SUBMISSION
325800,TOMATOES,4992,3,SUBMISSION,
326500,TOMATOES,4993,3,SUBMISSION,
327000,TOMATOES,4980,4,,SUBMISSION
327500,TOMATOES,4994,3,SUBMISSION,
328100,TOMATOES,4994,3,SUBMISSION,
328500,TOMATOES,4981,3,,SUBMISSION
329000,TOMATOES,4979,3,,SUBMISSION
331500,TOMATOES,4978,3,,SUBMISSION
332100,TOMATOES,4992,4,SUBMISSION,
332400,TOMATOES,4978,3,,SUBMISSION
332500,TOMATOES,4978,4,,SUBMISSION
332600,TOMATOES,4993,3,SUBMISSION,
333100,TOMATOES,4992,3,SUBMISSION,
333500,TOMATOES,4994,3,SUBMISSION,
335800,TOMATOES,4997,6,SUBMISSION,
336000,TOMATOES,4983,3,,SUBMISSION
336500,TOMATOES,4981,3,,SUBMISSION
336700,TOMATOES,4982,3,,SUBMISSION
336900,TOMATOES,4982,4,,SUBMISSION
337100,TOMATOES,4997,4,SUBMISSION,
337600,TOMATOES,4981,6,,SUBMISSION
338300,TOMATOES,4994,3,SUBMISSION,
339000,TOMATOES,4980,3,,SUBMISSION
339200,TOMATOES,4993,3,SUBMISSION,
339400,TOMATOES,4994,3,SUBMISSION,
339800,TOMATOES,4993,3,SUBMISSION,
339900,TOMATOES,4980,4,,SUBMISSION
340300,TOMATOES,4995,3,SUBMISSION,
341100,TOMATOES,4996,5,SUBMISSION,
341300,TOMATOES,4982,3,,SUBMISSION
342400,TOMATOES,4983,3,,SUBMISSION
343700,TOMATOES,4997,3,SUBMISSION,
343900,TOMATOES,4984,3,,SUBMISSION
344200,TOMATOES,4983,3,,SUBMISSION
345200,TOMATOES,4998,5,SUBMISSION,
345800,TOMATOES,4984,6,,SUBMISSION
346100,TOMATOES,4998,3,SUBMISSION,
346600,TOMATOES,4999,3,SUBMISSION,
347000,TOMATOES,5001,3,SUBMISSION,
347700,TOMATOES,4987,3,,SUBMISSION
348200,TOMATOES,4985,4,,SUBMISSION
349100,TOMATOES,5001,3,SUBMISSION,
350000,TOMATOES,4986,3,,SUBMISSION
352300,TOMATOES,5001,3,SUBMISSION,
353500,TOMATOES,4989,3,,SUBMISSION
353800,TOMATOES,5002,3,SUBMISSION,
353900,TOMATOES,4989,3,,SUBMISSION
354000,TOMATOES,5002,3,SUBMISSION,
355900,TOMATOES,5004,5,SUBMISSION,
357000,TOMATOES,4991,4,,SUBMISSION
357100,TOMATOES,5006,4,SUBMISSION,
357300,TOMATOES,4992,7,,SUBMISSION
357600,TOMATOES,5006,3,SUBMISSION,
358100,TOMATOES,4990,4,,SUBMISSION
359700,TOMATOES,5005,4,SUBMISSION,
360000,TOMATOES,4991,3,,SUBMISSION
360700,TOMATOES,5007,3,SUBMISSION,
361300,TOMATOES,4991,3,,SUBMISSION
361800,TOMATOES,4990,3,,SUBMISSION
362400,TOMATOES,5005,5,SUBMISSION,
363300,TOMATOES,4991,3,,SUBMISSION
363600,TOMATOES,4989,3,,SUBMISSION
364300,TOMATOES,5004,3,SUBMISSION,
364800,TOMATOES,5006,4,SUBMISSION,
365200,TOMATOES,5007,6,SUBMISSION,
365400,TOMATOES,4992,3,,SUBMISSION
365900,TOMATOES,4993,3,,SUBMISSION
366300,TOMATOES,5007,3,SUBMISSION,
366500,TOMATOES,4993,4,,SUBMISSION
367900,TOMATOES,4993,3,,SUBMISSION
368300,TOMATOES,4991,4,,SUBMISSION
368800,TOMATOES,4989,3,,SUBMISSION
369200,TOMATOES,4989,3,,SUBMISSION
369300,TOMATOES,5003,3,SUBMISSION,
369600,TOMATOES,5002,3,SUBMISSION,
370100,TOMATOES,5002,3,SUBMISSION,
371600,TOMATOES,5002,3,SUBMISSION,
371800,TOMATOES,4986,4,,SUBMISSION
372300,TOMATOES,4985,3,,SUBMISSION
372900,TOMATOES,4999,3,SUBMISSION,
373200,TOMATOES,4984,3,,SUBMISSION
373700,TOMATOES,4999,3,SUBMISSION,
373900,TOMATOES,5000,3,SUBMISSION,
374700,TOMATOES,5001,3,SUBMISSION,
375400,TOMATOES,4987,4,,SUBMISSION
375500,TOMATOES,5000,3,SUBMISSION,
375700,TOMATOES,4985,3,,SUBMISSION
376200,TOMATOES,5002,3,SUBMISSION,
378000,TOMATOES,4987,3,,SUBMISSION
378200,TOMATOES,5002,5,SUBMISSION,
378900,TOMATOES,4988,5,,SUBMISSION
379900,TOMATOES,4987,3,,SUBMISSION
380100,TOMATOES,5001,3,SUBMISSION,
380500,TOMATOES,4987,4,,SUBMISSION
380700,TOMATOES,5001,4,SUBMISSION,
382100,TOMATOES,4985,3,,SUBMISSION
382500,TOMATOES,5000,3,SUBMISSION,
382800,TOMATOES,5000,4,SUBMISSION,
385100,TOMATOES,5005,3,SUBMISSION,
385600,TOMATOES,4990,3,,SUBMISSION
386200,TOMATOES,5006,3,SUBMISSION,
386600,TOMATOES,4992,3,,SUBMISSION
386900,TOMATOES,4991,3,,SUBMISSION
387100,TOMATOES,4989,3,,SUBMISSION
387800,TOMATOES,5005,3,SUBMISSION,
388200,TOMATOES,5004,3,SUBMISSION,
388400,TOMATOES,4990,3,,SUBMISSION
388700,TOMATOES,4990,5,,SUBMISSION
389100,TOMATOES,5005,5,SUBMISSION,
389700,TOMATOES,5006,3,SUBMISSION,
389900,TOMATOES,4992,4,,SUBMISSION
390100,TOMATOES,5006,3,SUBMISSION,
390800,TOMATOES,4990,3,,SUBMISSION
391000,TOMATOES,5006,3,SUBMISSION,
391200,TOMATOES,5006,4,SUBMISSION,
391300,TOMATOES,4992,5,,SUBMISSION
391900,TOMATOES,4989,4,,SUBMISSION
392700,TOMATOES,5004,3,SUBMISSION,
392900,TOMATOES,4991,3,,SUBMISSION
393500,TOMATOES,5004,5,SUBMISSION,
393900,TOMATOES,4989,3,,SUBMISSION
394800,TOMATOES,4988,3,,SUBMISSION
395500,TOMATOES,5003,3,SUBMISSION,
395700,TOMATOES,5002,3,SUBMISSION,
396000,TOMATOES,4988,3,,SUBMISSION
396300,TOMATOES,4986,4,,SUBMISSION
396800,TOMATOES,5002,4,SUBMISSION,
397000,TOMATOES,5003,3,SUBMISSION,
398000,TOMATOES,4988,3,,SUBMISSION
398600,TOMATOES,4986,3,,SUBMISSION
399000,TOMATOES,4985,5,,SUBMISSION
399500,TOMATOES,4998,3,SUBMISSION,
399800,TOMATOES,4999,3,SUBMISSION,
400500,TOMATOES,4999,3,SUBMISSION,
401200,TOMATOES,5000,3,SUBMISSION,
402200,TOMATOES,4988,4,,SUBMISSION
402300,TOMATOES,5002,3,SUBMISSION,
403000,TOMATOES,5003,3,SUBMISSION,
403900,TOMATOES,4989,7,,SUBMISSION
404600,TOMATOES,4985,3,,SUBMISSION
405300,TOMATOES,4982,3,,SUBMISSION
406000,TOMATOES,4997,3,SUBMISSION,
406300,TOMATOES,4997,5,SUBMISSION,
406800,TOMATOES,4983,3,,SUBMISSION
407400,TOMATOES,4997,3,SUBMISSION,
407700,TOMATOES,4998,3,SUBMISSION,
408000,TOMATOES,4983,3,,SUBMISSION
408500,TOMATOES,4982,3,,SUBMISSION
409300,TOMATOES,4982,3,,SUBMISSION
409500,TOMATOES,4996,3,SUBMISSION,
411300,TOMATOES,4994,4,SUBMISSION,
411500,TOMATOES,4995,3,SUBMISSION,
411700,TOMATOES,4981,4,,SUBMISSION
412000,TOMATOES,4980,3,,SUBMISSION
412400,TOMATOES,4995,3,SUBMISSION,
412600,TOMATOES,4996,4,SUBMISSION,
412900,TOMATOES,4982,5,,SUBMISSION
413400,TOMATOES,4996,3,SUBMISSION,
414600,TOMATOES,4980,4,,SUBMISSION
415200,TOMATOES,4995,3,SUBMISSION,
415500,TOMATOES,4982,4,,SUBMISSION
415700,TOMATOES,4995,3,SUBMISSION,
416100,TOMATOES,4980,5,,SUBMISSION
416700,TOMATOES,4978,4,,SUBMISSION
416900,TOMATOES,4992,3,SUBMISSION,
417100,TOMATOES,4992,3,SUBMISSION,
417700,TOMATOES,4993,3,SUBMISSION,
418600,TOMATOES,4994,3,SUBMISSION,
419300,TOMATOES,4997,3,SUBMISSION,
419900,TOMATOES,4982,3,,SUBMISSION
420100,TOMATOES,4996,3,SUBMISSION,
420300,TOMATOES,4983,3,,SUBMISSION
420800,TOMATOES,4982,3,,SUBMISSION
422900,TOMATOES,4981,3,,SUBMISSION
423900,TOMATOES,4996,3,SUBMISSION,
424200,TOMATOES,4998,4,SUBMISSION,
425400,TOMATOES,4984,3,,SUBMISSION
426000,TOMATOES,5000,5,SUBMISSION,
426000,TOMATOES,5000,1,SUBMISSION,
426600,TOMATOES,4986,3,,SUBMISSION
426800,TOMATOES,4985,3,,SUBMISSION
428100,TOMATOES,4986,5,,SUBMISSION
428700,TOMATOES,4999,3,SUBMISSION,
429100,TOMATOES,4984,3,,SUBMISSION
429300,TOMATOES,4999,3,SUBMISSION,
429500,TOMATOES,5000,3,SUBMISSION,
429700,TOMATOES,5001,3,SUBMISSION,
430100,TOMATOES,4985,4,,SUBMISSION
431900,TOMATOES,5002,3,SUBMISSION,
432200,TOMATOES,5004,3,SUBMISSION,
432300,TOMATOES,5003,3,SUBMISSION,
432600,TOMATOES,4991,3,,SUBMISSION
433200,TOMATOES,4991,3,,SUBMISSION
433300,TOMATOES,4991,5,,SUBMISSION
433500,TOMATOES,5004,5,SUBMISSION,
433700,TOMATOES,4992,3,,SUBMISSION
434000,TOMATOES,5005,6,SUBMISSION,
434200,TOMATOES,4992,3,,SUBMISSION
434500,TOMATOES,4991,3,,SUBMISSION
434700,TOMATOES,5005,4,SUBMISSION,
434900,TOMATOES,4992,3,,SUBMISSION
435400,TOMATOES,4990,4,,SUBMISSION
435800,TOMATOES,4989,3,,SUBMISSION
437400,TOMATOES,5001,3,SUBMISSION,
438700,TOMATOES,5001,3,SUBMISSION,
439600,TOMATOES,4986,3,,SUBMISSION
440200,TOMATOES,5000,4,SUBMISSION,
440800,TOMATOES,4986,3,,SUBMISSION
441200,TOMATOES,5001,4,SUBMISSION,
441600,TOMATOES,4987,3,,SUBMISSION
442000,TOMATOES,5003,3,SUBMISSION,
444500,TOMATOES,4989,3,,SUBMISSION
445000,TOMATOES,5004,3,SUBMISSION,
445900,TOMATOES,4990,5,,SUBMISSION
445900,TOMATOES,4990,2,,SUBMISSION
446100,TOMATOES,5004,3,SUBMISSION,
446300,TOMATOES,5005,3,SUBMISSION,
446600,TOMATOES,5007,4,SUBMISSION,
447300,TOMATOES,4991,4,,SUBMISSION
447500,TOMATOES,4992,4,,SUBMISSION
448100,TOMATOES,4991,3,,SUBMISSION
448300,TOMATOES,5005,3,SUBMISSION,
448900,TOMATOES,5005,3,SUBMISSION,
450000,TOMATOES,4991,5,,SUBMISSION
450100,TOMATOES,5005,3,SUBMISSION,
450300,TOMATOES,5006,4,SUBMISSION,
451600,TOMATOES,4992,3,,SUBMISSION
451900,TOMATOES,5008,3,SUBMISSION,
452200,TOMATOES,5010,6,SUBMISSION,
452300,TOMATOES,4997,3,,SUBMISSION
453200,TOMATOES,5012,3,SUBMISSION,
453500,TOMATOES,4998,3,,SUBMISSION
453900,TOMATOES,4997,4,,SUBMISSION
454100,TOMATOES,4997,4,,SUBMISSION
454500,TOMATOES,5011,3,SUBMISSION,
455200,TOMATOES,4996,3,,SUBMISSION
455800,TOMATOES,5011,3,SUBMISSION,
456300,TOMATOES,4994,4,,SUBMISSION
457700,TOMATOES,5009,3,SUBMISSION,
458700,TOMATOES,4993,7,,SUBMISSION
459100,TOMATOES,5007,3,SUBMISSION,
459900,TOMATOES,5007,3,SUBMISSION,
463500,TOMATOES,4990,3,,SUBMISSION
464100,TOMATOES,5004,4,SUBMISSION,
464900,TOMATOES,4990,5,,SUBMISSION
465500,TOMATOES,5003,3,SUBMISSION,
466300,TOMATOES,4986,3,,SUBMISSION
466900,TOMATOES,4984,3,,SUBMISSION
467900,TOMATOES,4997,3,SUBMISSION,
468200,TOMATOES,4999,4,SUBMISSION,
470500,TOMATOES,4999,6,SUBMISSION,
470800,TOMATOES,4985,3,,SUBMISSION
471200,TOMATOES,4983,4,,SUBMISSION
471500,TOMATOES,4982,3,,SUBMISSION
472200,TOMATOES,4997,3,SUBMISSION,
475000,TOMATOES,4996,3,SUBMISSION,
475700,TOMATOES,4980,3,,SUBMISSION
476600,TOMATOES,4978,3,,SUBMISSION
476800,TOMATOES,4978,3,,SUBMISSION
477100,TOMATOES,4992,4,SUBMISSION,
477400,TOMATOES,4992,3,SUBMISSION,
477700,TOMATOES,4979,3,,SUBMISSION
478000,TOMATOES,4992,3,SUBMISSION,
479300,TOMATOES,4992,3,SUBMISSION,
479700,TOMATOES,4978,3,,SUBMISSION
481000,TOMATOES,4978,3,,SUBMISSION
481200,TOMATOES,4991,3,SUBMISSION,
481800,TOMATOES,4977,3,,SUBMISSION
482400,TOMATOES,4991,3,SUBMISSION,
483400,TOMATOES,4992,3,SUBMISSION,
484300,TOMATOES,4978,4,,SUBMISSION
484400,TOMATOES,4992,4,SUBMISSION,
485000,TOMATOES,4976,5,,SUBMISSION
485000,TOMATOES,4976,2,,SUBMISSION
485100,TOMATOES,4976,3,,SUBMISSION
485500,TOMATOES,4989,3,SUBMISSION,
485700,TOMATOES,4990,3,SUBMISSION,
485900,TOMATOES,4989,4,SUBMISSION,
486100,TOMATOES,4975,4,,SUBMISSION
489300,TOMATOES,4974,3,,SUBMISSION
490600,TOMATOES,4986,6,SUBMISSION,
490900,TOMATOES,4971,4,,SUBMISSION
492600,TOMATOES,4985,3,SUBMISSION,
493000,TOMATOES,4972,3,,SUBMISSION
493200,TOMATOES,4986,3,SUBMISSION,
493700,TOMATOES,4987,3,SUBMISSION,
494000,TOMATOES,4988,6,SUBMISSION,
494200,TOMATOES,4974,3,,SUBMISSION
494500,TOMATOES,4974,3,,SUBMISSION
495400,TOMATOES,4974,5,,SUBMISSION
495700,TOMATOES,4973,3,,SUBMISSION
495900,TOMATOES,4987,4,SUBMISSION,
496400,TOMATOES,4988,3,SUBMISSION,
497000,TOMATOES,4974,4,,SUBMISSION
497800,TOMATOES,4972,5,,SUBMISSION
497900,TOMATOES,4972,3,,SUBMISSION
498000,TOMATOES,4986,4,SUBMISSION,
498200,TOMATOES,4985,3,SUBMISSION,
499500,TOMATOES,4986,3,SUBMISSION,
500800,TOMATOES,4970,3,,SUBMISSION
501300,TOMATOES,4984,4,SUBMISSION,
501700,TOMATOES,4970,3,,SUBMISSION
503900,TOMATOES,4967,3,,SUBMISSION
505000,TOMATOES,4981,3,SUBMISSION,
505900,TOMATOES,4981,3,SUBMISSION,
507500,TOMATOES,4983,3,SUBMISSION,
507600,TOMATOES,4969,4,,SUBMISSION
508100,TOMATOES,4983,3,SUBMISSION,
508200,TOMATOES,4970,3,,SUBMISSION
508400,TOMATOES,4983,3,SUBMISSION,
508900,TOMATOES,4968,3,,SUBMISSION
509900,TOMATOES,4967,3,,SUBMISSION
510800,TOMATOES,4982,3,SUBMISSION,
511100,TOMATOES,4983,3,SUBMISSION,
512200,TOMATOES,4967,5,,SUBMISSION
512400,TOMATOES,4966,3,,SUBMISSION
512900,TOMATOES,4981,3,SUBMISSION,
515100,TOMATOES,4981,3,SUBMISSION,
515900,TOMATOES,4966,3,,SUBMISSION
516400,TOMATOES,4964,5,,SUBMISSION
516800,TOMATOES,4977,5,SUBMISSION,
518000,TOMATOES,4979,3,SUBMISSION,
518200,TOMATOES,4979,3,SUBMISSION,
518700,TOMATOES,4966,3,,SUBMISSION
519700,TOMATOES,4980,4,SUBMISSION,
519800,TOMATOES,4967,4,,SUBMISSION
520200,TOMATOES,4980,3,SUBMISSION,
520500,TOMATOES,4966,3,,SUBMISSION
523100,TOMATOES,4983,6,SUBMISSION,
523500,TOMATOES,4970,3,,SUBMISSION
523900,TOMATOES,4986,3,SUBMISSION,
524800,TOMATOES,4972,3,,SUBMISSION
525800,TOMATOES,4972,3,,SUBMISSION
526300,TOMATOES,4988,3,SUBMISSION,
527600,TOMATOES,4974,3,,SUBMISSION
529400,TOMATOES,4973,3,,SUBMISSION
530300,TOMATOES,4988,3,SUBMISSION,
531000,TOMATOES,4989,4,SUBMISSION,
531200,TOMATOES,4974,6,,SUBMISSION
531200,TOMATOES,4974,1,,SUBMISSION
532800,TOMATOES,4988,3,SUBMISSION,
533200,TOMATOES,4989,3,SUBMISSION,
534500,TOMATOES,4976,6,,SUBMISSION
534700,TOMATOES,4990,3,SUBMISSION,
535800,TOMATOES,4975,6,,SUBMISSION
536100,TOMATOES,4989,3,SUBMISSION,
536400,TOMATOES,4989,5,SUBMISSION,
536900,TOMATOES,4975,3,,SUBMISSION
538200,TOMATOES,4976,3,,SUBMISSION
538500,TOMATOES,4989,5,SUBMISSION,
538500,TOMATOES,4989,1,SUBMISSION,
538800,TOMATOES,4975,3,,SUBMISSION
540200,TOMATOES,4973,3,,SUBMISSION
540500,TOMATOES,4973,4,,SUBMISSION
540700,TOMATOES,4988,6,SUBMISSION,
540900,TOMATOES,4972,3,,SUBMISSION
541500,TOMATOES,4970,3,,SUBMISSION
542000,TOMATOES,4985,3,SUBMISSION,
543600,TOMATOES,4984,3,SUBMISSION,
544500,TOMATOES,4968,3,,SUBMISSION
545200,TOMATOES,4982,3,SUBMISSION,
546200,TOMATOES,4966,4,,SUBMISSION
546600,TOMATOES,4964,3,,SUBMISSION
547000,TOMATOES,4978,3,SUBMISSION,
547400,TOMATOES,4964,3,,SUBMISSION
547600,TOMATOES,4978,3,SUBMISSION,
548000,TOMATOES,4978,3,SUBMISSION,
548900,TOMATOES,4978,4,SUBMISSION,
549100,TOMATOES,4963,3,,SUBMISSION
549300,TOMATOES,4963,4,,SUBMISSION
549800,TOMATOES,4976,3,SUBMISSION,
551700,TOMATOES,4976,3,SUBMISSION,
551900,TOMATOES,4977,3,SUBMISSION,
552200,TOMATOES,4963,3,,SUBMISSION
552600,TOMATOES,4962,5,,SUBMISSION
552900,TOMATOES,4976,3,SUBMISSION,
553200,TOMATOES,4977,3,SUBMISSION,
553600,TOMATOES,4979,3,SUBMISSION,
553900,TOMATOES,4980,3,SUBMISSION,
554200,TOMATOES,4965,3,,SUBMISSION
554700,TOMATOES,4965,3,,SUBMISSION
555100,TOMATOES,4964,3,,SUBMISSION
555600,TOMATOES,4979,4,SUBMISSION,
556300,TOMATOES,4965,4,,SUBMISSION
557200,TOMATOES,4981,3,SUBMISSION,
557800,TOMATOES,4965,3,,SUBMISSION
558500,TOMATOES,4964,4,,SUBMISSION
559100,TOMATOES,4979,4,SUBMISSION,
559300,TOMATOES,4979,3,SUBMISSION,
559800,TOMATOES,4981,3,SUBMISSION,
560600,TOMATOES,4967,3,,SUBMISSION
564900,TOMATOES,4968,3,,SUBMISSION
568900,TOMATOES,4967,5,,SUBMISSION
569300,TOMATOES,4981,3,SUBMISSION,
569700,TOMATOES,4982,4,SUBMISSION,
570200,TOMATOES,4984,3,SUBMISSION,
570300,TOMATOES,4983,3,SUBMISSION,
570500,TOMATOES,4969,3,,SUBMISSION
570700,TOMATOES,4968,3,,SUBMISSION
570800,TOMATOES,4983,3,SUBMISSION,
571100,TOMATOES,4968,4,,SUBMISSION
571700,TOMATOES,4969,4,,SUBMISSION
571800,TOMATOES,4968,3,,SUBMISSION
571900,TOMATOES,4982,3,SUBMISSION,
572700,TOMATOES,4964,3,,SUBMISSION
573400,TOMATOES,4979,3,SUBMISSION,
573700,TOMATOES,4979,5,SUBMISSION,
574600,TOMATOES,4965,5,,SUBMISSION
575200,TOMATOES,4979,3,SUBMISSION,
575700,TOMATOES,4980,3,SUBMISSION,
577500,TOMATOES,4966,3,,SUBMISSION
578400,TOMATOES,4964,3,,SUBMISSION
578500,TOMATOES,4964,3,,SUBMISSION
579000,TOMATOES,4979,5,SUBMISSION,
579200,TOMATOES,4980,4,SUBMISSION,
579600,TOMATOES,4982,6,SUBMISSION,
580800,TOMATOES,4970,3,,SUBMISSION
581300,TOMATOES,4969,3,,SUBMISSION
581700,TOMATOES,4969,3,,SUBMISSION
583400,TOMATOES,4966,3,,SUBMISSION
583700,TOMATOES,4964,3,,SUBMISSION
584800,TOMATOES,4978,3,SUBMISSION,
585300,TOMATOES,4977,3,SUBMISSION,
586300,TOMATOES,4962,3,,SUBMISSION
587500,TOMATOES,4961,3,,SUBMISSION
587700,TOMATOES,4975,3,SUBMISSION,
587900,TOMATOES,4976,3,SUBMISSION,
588300,TOMATOES,4977,4,SUBMISSION,
589500,TOMATOES,4981,4,SUBMISSION,
589800,TOMATOES,4967,4,,SUBMISSION
590200,TOMATOES,4981,3,SUBMISSION,
590700,TOMATOES,4967,3,,SUBMISSION
591200,TOMATOES,4982,3,SUBMISSION,
591600,TOMATOES,4967,4,,SUBMISSION
592000,TOMATOES,4966,4,,SUBMISSION
592800,TOMATOES,4964,3,,SUBMISSION
593400,TOMATOES,4964,3,,SUBMISSION
593600,TOMATOES,4977,7,SUBMISSION,
595400,TOMATOES,4978,4,SUBMISSION,
595600,TOMATOES,4963,4,,SUBMISSION
595800,TOMATOES,4962,3,,SUBMISSION
596300,TOMATOES,4978,3,SUBMISSION,
596800,TOMATOES,4978,3,SUBMISSION,
597600,TOMATOES,4964,3,,SUBMISSION
598700,TOMATOES,4978,4,SUBMISSION,
599100,TOMATOES,4964,3,,SUBMISSION
599300,TOMATOES,4978,4,SUBMISSION,
599500,TOMATOES,4964,3,,SUBMISSION
599900,TOMATOES,4964,3,,SUBMISSION
601400,TOMATOES,4979,4,SUBMISSION,
604400,TOMATOES,4967,5,,SUBMISSION
605900,TOMATOES,4980,3,SUBMISSION,
609000,TOMATOES,4978,3,SUBMISSION,
609400,TOMATOES,4965,3,,SUBMISSION
609600,TOMATOES,4963,3,,SUBMISSION
611400,TOMATOES,4978,3,SUBMISSION,
611700,TOMATOES,4979,3,SUBMISSION,
611900,TOMATOES,4980,6,SUBMISSION,
612200,TOMATOES,4967,3,,SUBMISSION
612600,TOMATOES,4967,6,,SUBMISSION
612800,TOMATOES,4982,4,SUBMISSION,
613200,TOMATOES,4982,5,SUBMISSION,
613400,TOMATOES,4968,7,,SUBMISSION
614200,TOMATOES,4967,5,,SUBMISSION
615700,TOMATOES,4979,5,SUBMISSION,
616100,TOMATOES,4965,3,,SUBMISSION
616400,TOMATOES,4979,3,SUBMISSION,
617100,TOMATOES,4965,4,,SUBMISSION
618200,TOMATOES,4980,3,SUBMISSION,
619500,TOMATOES,4981,4,SUBMISSION,
620800,TOMATOES,4968,3,,SUBMISSION
621200,TOMATOES,4967,6,,SUBMISSION
621700,TOMATOES,4981,3,SUBMISSION,
622000,TOMATOES,4981,5,SUBMISSION,
622200,TOMATOES,4967,3,,SUBMISSION
622700,TOMATOES,4966,3,,SUBMISSION
622900,TOMATOES,4967,4,,SUBMISSION
623000,TOMATOES,4981,3,SUBMISSION,
623200,TOMATOES,4981,3,SUBMISSION,
624800,TOMATOES,4981,4,SUBMISSION,
625000,TOMATOES,4967,3,,SUBMISSION
625600,TOMATOES,4966,3,,SUBMISSION
627100,TOMATOES,4979,4,SUBMISSION,
627500,TOMATOES,4965,3,,SUBMISSION
628000,TOMATOES,4965,5,,SUBMISSION
628200,TOMATOES,4978,3,SUBMISSION,
629000,TOMATOES,4979,3,SUBMISSION,
629600,TOMATOES,4981,4,SUBMISSION,
629700,TOMATOES,4981,3,SUBMISSION,
630000,TOMATOES,4967,3,,SUBMISSION
630400,TOMATOES,4967,5,,SUBMISSION
631000,TOMATOES,4981,3,SUBMISSION,
631600,TOMATOES,4966,3,,SUBMISSION
631800,TOMATOES,4966,3,,SUBMISSION
633300,TOMATOES,4961,3,,SUBMISSION
634100,TOMATOES,4975,4,SUBMISSION,
634500,TOMATOES,4961,3,,SUBMISSION
635100,TOMATOES,4972,4,SUBMISSION,
635300,TOMATOES,4957,4,,SUBMISSION
636200,TOMATOES,4972,4,SUBMISSION,
636600,TOMATOES,4957,4,,SUBMISSION
636900,TOMATOES,4971,3,SUBMISSION,
638400,TOMATOES,4971,3,SUBMISSION,
640400,TOMATOES,4955,4,,SUBMISSION
641100,TOMATOES,4968,3,SUBMISSION,
643100,TOMATOES,4971,3,SUBMISSION,
643400,TOMATOES,4957,4,,SUBMISSION
644500,TOMATOES,4970,3,SUBMISSION,
648400,TOMATOES,4973,5,SUBMISSION,
649800,TOMATOES,4962,4,,SUBMISSION
650000,TOMATOES,4977,3,SUBMISSION,
650200,TOMATOES,4976,3,SUBMISSION,
650600,TOMATOES,4963,3,,SUBMISSION
650700,TOMATOES,4964,4,,SUBMISSION
650900,TOMATOES,4977,3,SUBMISSION,
651400,TOMATOES,4979,3,SUBMISSION,
651900,TOMATOES,4965,3,,SUBMISSION
652600,TOMATOES,4967,3,,SUBMISSION
652800,TOMATOES,4981,3,SUBMISSION,
653200,TOMATOES,4967,4,,SUBMISSION
654000,TOMATOES,4963,4,,SUBMISSION
654200,TOMATOES,4961,4,,SUBMISSION
655000,TOMATOES,4975,3,SUBMISSION,
657000,TOMATOES,4974,5,SUBMISSION,
658600,TOMATOES,4976,3,SUBMISSION,
658700,TOMATOES,4962,3,,SUBMISSION
660700,TOMATOES,4976,3,SUBMISSION,
660900,TOMATOES,4978,3,SUBMISSION,
662600,TOMATOES,4965,3,,SUBMISSION
663200,TOMATOES,4965,3,,SUBMISSION
664900,TOMATOES,4962,4,,SUBMISSION
665300,TOMATOES,4961,3,,SUBMISSION
666200,TOMATOES,4974,3,SUBMISSION,
666600,TOMATOES,4975,3,SUBMISSION,
667400,TOMATOES,4961,4,,SUBMISSION
667500,TOMATOES,4976,3,SUBMISSION,
667800,TOMATOES,4975,3,SUBMISSION,
668100,TOMATOES,4962,4,,SUBMISSION
668300,TOMATOES,4975,3,SUBMISSION,
668600,TOMATOES,4976,3,SUBMISSION,
669400,TOMATOES,4961,3,,SUBMISSION
670400,TOMATOES,4960,3,,SUBMISSION
670500,TOMATOES,4960,4,,SUBMISSION
670600,TOMATOES,4975,3,SUBMISSION,
670800,TOMATOES,4975,3,SUBMISSION,
671500,TOMATOES,4974,3,SUBMISSION,
672100,TOMATOES,4961,5,,SUBMISSION
674400,TOMATOES,4973,3,SUBMISSION,
675000,TOMATOES,4958,5,,SUBMISSION
675200,TOMATOES,4972,3,SUBMISSION,
675400,TOMATOES,4972,4,SUBMISSION,
676000,TOMATOES,4959,3,,SUBMISSION
676800,TOMATOES,4973,4,SUBMISSION,
678500,TOMATOES,4978,3,SUBMISSION,
678800,TOMATOES,4965,4,,SUBMISSION
679000,TOMATOES,4979,4,SUBMISSION,
679300,TOMATOES,4963,3,,SUBMISSION
679900,TOMATOES,4963,3,,SUBMISSION
682200,TOMATOES,4979,4,SUBMISSION,
682300,TOMATOES,4978,4,SUBMISSION,
682400,TOMATOES,4964,3,,SUBMISSION
683300,TOMATOES,4965,3,,SUBMISSION
684000,TOMATOES,4964,3,,SUBMISSION
684600,TOMATOES,4964,4,,SUBMISSION
684700,TOMATOES,4978,3,SUBMISSION,
684900,TOMATOES,4978,5,SUBMISSION,
685200,TOMATOES,4964,3,,SUBMISSION
685600,TOMATOES,4962,3,,SUBMISSION
686300,TOMATOES,4960,3,,SUBMISSION
687300,TOMATOES,4958,4,,SUBMISSION
687500,TOMATOES,4971,3,SUBMISSION,
687700,TOMATOES,4972,3,SUBMISSION,
687900,TOMATOES,4974,3,SUBMISSION,
688100,TOMATOES,4959,3,,SUBMISSION
688200,TOMATOES,4958,3,,SUBMISSION
688400,TOMATOES,4972,4,SUBMISSION,
689500,TOMATOES,4970,4,SUBMISSION,
689700,TOMATOES,4956,3,,SUBMISSION
689800,TOMATOES,4955,5,,SUBMISSION
690800,TOMATOES,4967,5,SUBMISSION,
691100,TOMATOES,4954,5,,SUBMISSION
691400,TOMATOES,4967,4,SUBMISSION,
691700,TOMATOES,4968,3,SUBMISSION,
693400,TOMATOES,4953,3,,SUBMISSION
693800,TOMATOES,4968,3,SUBMISSION,
694300,TOMATOES,4969,3,SUBMISSION,
695100,TOMATOES,4954,3,,SUBMISSION
695600,TOMATOES,4953,3,,SUBMISSION
696100,TOMATOES,4969,4,SUBMISSION,
697300,TOMATOES,4955,4,,SUBMISSION
698300,TOMATOES,4966,4,SUBMISSION,
698500,TOMATOES,4951,4,,SUBMISSION
699300,TOMATOES,4951,4,,SUBMISSION
699600,TOMATOES,4964,3,SUBMISSION,
700200,TOMATOES,4965,3,SUBMISSION,
701200,TOMATOES,4966,3,SUBMISSION,
701700,TOMATOES,4966,4,SUBMISSION,
701800,TOMATOES,4952,3,,SUBMISSION
702100,TOMATOES,4951,3,,SUBMISSION
703300,TOMATOES,4967,3,SUBMISSION,
703400,TOMATOES,4967,4,SUBMISSION,
703600,TOMATOES,4953,3,,SUBMISSION
703700,TOMATOES,4954,4,,SUBMISSION
705100,TOMATOES,4951,4,,SUBMISSION
705800,TOMATOES,4965,3,SUBMISSION,
706000,TOMATOES,4950,3,,SUBMISSION
707100,TOMATOES,4963,4,SUBMISSION,
707300,TOMATOES,4948,4,,SUBMISSION
707700,TOMATOES,4948,5,,SUBMISSION
707900,TOMATOES,4962,4,SUBMISSION,
708100,TOMATOES,4963,3,SUBMISSION,
709100,TOMATOES,4963,3,SUBMISSION,
710600,TOMATOES,4948,3,,SUBMISSION
711700,TOMATOES,4961,3,SUBMISSION,
711900,TOMATOES,4946,4,,SUBMISSION
712200,TOMATOES,4945,3,,SUBMISSION
712500,TOMATOES,4961,3,SUBMISSION,
712700,TOMATOES,4961,3,SUBMISSION,
713500,TOMATOES,4962,3,SUBMISSION,
714100,TOMATOES,4948,3,,SUBMISSION
714200,TOMATOES,4948,4,,SUBMISSION
714400,TOMATOES,4961,3,SUBMISSION,
715800,TOMATOES,4946,3,,SUBMISSION
716200,TOMATOES,4960,3,SUBMISSION,
716500,TOMATOES,4961,3,SUBMISSION,
718300,TOMATOES,4947,3,,SUBMISSION
718600,TOMATOES,4946,3,,SUBMISSION
718800,TOMATOES,4946,3,,SUBMISSION
719200,TOMATOES,4959,3,SUBMISSION,
719400,TOMATOES,4959,5,SUBMISSION,
720800,TOMATOES,4945,3,,SUBMISSION
721300,TOMATOES,4945,4,,SUBMISSION
721600,TOMATOES,4959,4,SUBMISSION,
723200,TOMATOES,4959,3,SUBMISSION,
723700,TOMATOES,4946,4,,SUBMISSION
724000,TOMATOES,4960,3,SUBMISSION,
725500,TOMATOES,4960,3,SUBMISSION,
726600,TOMATOES,4946,5,,SUBMISSION
726600,TOMATOES,4946,1,,SUBMISSION
727700,TOMATOES,4960,3,SUBMISSION,
728600,TOMATOES,4944,4,,SUBMISSION
729300,TOMATOES,4942,3,,SUBMISSION
730100,TOMATOES,4956,3,SUBMISSION,
730400,TOMATOES,4956,3,SUBMISSION,
732100,TOMATOES,4957,3,SUBMISSION,
734800,TOMATOES,4959,5,SUBMISSION,
734900,TOMATOES,4945,3,,SUBMISSION
735100,TOMATOES,4945,5,,SUBMISSION
735300,TOMATOES,4959,5,SUBMISSION,
737000,TOMATOES,4947,3,,SUBMISSION
737800,TOMATOES,4946,3,,SUBMISSION
738200,TOMATOES,4961,3,SUBMISSION,
739700,TOMATOES,4963,3,SUBMISSION,
740300,TOMATOES,4951,3,,SUBMISSION
740400,TOMATOES,4965,3,SUBMISSION,
741100,TOMATOES,4966,3,SUBMISSION,
741700,TOMATOES,4969,5,SUBMISSION,
741900,TOMATOES,4955,3,,SUBMISSION
742000,TOMATOES,4954,3,,SUBMISSION
742300,TOMATOES,4953,4,,SUBMISSION
743000,TOMATOES,4968,3,SUBMISSION,
743400,TOMATOES,4954,4,,SUBMISSION
745200,TOMATOES,4970,5,SUBMISSION,
745400,TOMATOES,4956,3,,SUBMISSION
747200,TOMATOES,4955,4,,SUBMISSION
748600,TOMATOES,4954,3,,SUBMISSION
748700,TOMATOES,4953,4,,SUBMISSION
749000,TOMATOES,4967,3,SUBMISSION,
749200,TOMATOES,4966,3,SUBMISSION,
751100,TOMATOES,4968,4,SUBMISSION,
751300,TOMATOES,4970,3,SUBMISSION,
752600,TOMATOES,4973,3,SUBMISSION,
753200,TOMATOES,4976,3,SUBMISSION,
753800,TOMATOES,4962,3,,SUBMISSION
754300,TOMATOES,4963,3,,SUBMISSION
754600,TOMATOES,4961,6,,SUBMISSION
754600,TOMATOES,4961,1,,SUBMISSION
755100,TOMATOES,4975,3,SUBMISSION,
756900,TOMATOES,4962,4,,SUBMISSION
757200,TOMATOES,4975,4,SUBMISSION,
757400,TOMATOES,4962,4,,SUBMISSION
757700,TOMATOES,4976,7,SUBMISSION,
758600,TOMATOES,4962,3,,SUBMISSION
758800,TOMATOES,4961,3,,SUBMISSION
759400,TOMATOES,4976,3,SUBMISSION,
759800,TOMATOES,4961,3,,SUBMISSION
760000,TOMATOES,4977,3,SUBMISSION,
760300,TOMATOES,4978,3,SUBMISSION,
760600,TOMATOES,4964,5,,SUBMISSION
762000,TOMATOES,4978,3,SUBMISSION,
762300,TOMATOES,4977,3,SUBMISSION,
762500,TOMATOES,4963,4,,SUBMISSION
763400,TOMATOES,4962,4,,SUBMISSION
763800,TOMATOES,4960,3,,SUBMISSION
764500,TOMATOES,4974,3,SUBMISSION,
764600,TOMATOES,4974,3,SUBMISSION,
764800,TOMATOES,4959,4,,SUBMISSION
766800,TOMATOES,4971,4,SUBMISSION,
767100,TOMATOES,4956,3,,SUBMISSION
768700,TOMATOES,4953,3,,SUBMISSION
769700,TOMATOES,4966,3,SUBMISSION,
770300,TOMATOES,4969,4,SUBMISSION,
770600,TOMATOES,4969,3,SUBMISSION,
770800,TOMATOES,4955,3,,SUBMISSION
771900,TOMATOES,4953,3,,SUBMISSION
773500,TOMATOES,4966,3,SUBMISSION,
774200,TOMATOES,4968,3,SUBMISSION,
774600,TOMATOES,4953,6,,SUBMISSION
775100,TOMATOES,4968,3,SUBMISSION,
775700,TOMATOES,4970,4,SUBMISSION,
776400,TOMATOES,4955,3,,SUBMISSION
777200,TOMATOES,4955,5,,SUBMISSION
778300,TOMATOES,4966,4,SUBMISSION,
778600,TOMATOES,4953,3,,SUBMISSION
778900,TOMATOES,4951,3,,SUBMISSION
779400,TOMATOES,4949,3,,SUBMISSION
779500,TOMATOES,4963,3,SUBMISSION,
780100,TOMATOES,4965,4,SUBMISSION,
780200,TOMATOES,4965,4,SUBMISSION,
780800,TOMATOES,4952,3,,SUBMISSION
781800,TOMATOES,4951,3,,SUBMISSION
782200,TOMATOES,4966,3,SUBMISSION,
784100,TOMATOES,4951,6,,SUBMISSION
784300,TOMATOES,4965,4,SUBMISSION,
784600,TOMATOES,4966,3,SUBMISSION,
785100,TOMATOES,4951,3,,SUBMISSION
787700,TOMATOES,4965,3,SUBMISSION,
788100,TOMATOES,4966,4,SUBMISSION,
789500,TOMATOES,4953,3,,SUBMISSION
789700,TOMATOES,4953,5,,SUBMISSION
791200,TOMATOES,4950,3,,SUBMISSION
791800,TOMATOES,4949,3,,SUBMISSION
792000,TOMATOES,4962,4,SUBMISSION,
792300,TOMATOES,4963,3,SUBMISSION,
792500,TOMATOES,4964,3,SUBMISSION,
793100,TOMATOES,4951,3,,SUBMISSION
793300,TOMATOES,4964,3,SUBMISSION,
794300,TOMATOES,4950,3,,SUBMISSION
795100,TOMATOES,4962,4,SUBMISSION,
795300,TOMATOES,4949,3,,SUBMISSION
795900,TOMATOES,4965,3,SUBMISSION,
796400,TOMATOES,4967,3,SUBMISSION,
797300,TOMATOES,4952,4,,SUBMISSION
798700,TOMATOES,4969,3,SUBMISSION,
800000,TOMATOES,4954,3,,SUBMISSION
800600,TOMATOES,4968,4,SUBMISSION,
800800,TOMATOES,4955,4,,SUBMISSION
801200,TOMATOES,4953,3,,SUBMISSION
802400,TOMATOES,4968,3,SUBMISSION,
802900,TOMATOES,4968,3,SUBMISSION,
803100,TOMATOES,4954,3,,SUBMISSION
803600,TOMATOES,4953,3,,SUBMISSION
804100,TOMATOES,4968,5,SUBMISSION,
804900,TOMATOES,4954,3,,SUBMISSION
806100,TOMATOES,4955,3,,SUBMISSION
806500,TOMATOES,4969,4,SUBMISSION,
806900,TOMATOES,4970,3,SUBMISSION,
807400,TOMATOES,4957,4,,SUBMISSION
807600,TOMATOES,4971,3,SUBMISSION,
808000,TOMATOES,4955,3,,SUBMISSION
809700,TOMATOES,4971,3,SUBMISSION,
810300,TOMATOES,4974,3,SUBMISSION,
811000,TOMATOES,4959,3,,SUBMISSION
811800,TOMATOES,4958,3,,SUBMISSION
811900,TOMATOES,4959,4,,SUBMISSION
812300,TOMATOES,4972,4,SUBMISSION,
814600,TOMATOES,4973,4,SUBMISSION,
814900,TOMATOES,4958,3,,SUBMISSION
816300,TOMATOES,4975,3,SUBMISSION,
816500,TOMATOES,4976,3,SUBMISSION,
816900,TOMATOES,4961,7,,SUBMISSION
816900,TOMATOES,4961,1,,SUBMISSION
818100,TOMATOES,4958,3,,SUBMISSION
818600,TOMATOES,4956,3,,SUBMISSION
819300,TOMATOES,4970,3,SUBMISSION,
819500,TOMATOES,4970,4,SUBMISSION,
821000,TOMATOES,4956,5,,SUBMISSION
821300,TOMATOES,4970,3,SUBMISSION,
821900,TOMATOES,4968,3,SUBMISSION,
822100,TOMATOES,4955,3,,SUBMISSION
823600,TOMATOES,4970,3,SUBMISSION,
824200,TOMATOES,4956,3,,SUBMISSION
827300,TOMATOES,4968,3,SUBMISSION,
827400,TOMATOES,4968,3,SUBMISSION,
827600,TOMATOES,4954,3,,SUBMISSION
828800,TOMATOES,4956,3,,SUBMISSION
829100,TOMATOES,4969,3,SUBMISSION,
830200,TOMATOES,4954,3,,SUBMISSION
830700,TOMATOES,4953,4,,SUBMISSION
831500,TOMATOES,4965,5,SUBMISSION,
832100,TOMATOES,4951,5,,SUBMISSION
832100,TOMATOES,4951,1,,SUBMISSION
832300,TOMATOES,4965,4,SUBMISSION,
832600,TOMATOES,4966,3,SUBMISSION,
833100,TOMATOES,4967,3,SUBMISSION,
834600,TOMATOES,4955,3,,SUBMISSION
835100,TOMATOES,4969,3,SUBMISSION,
835600,TOMATOES,4969,3,SUBMISSION,
836200,TOMATOES,4957,5,,SUBMISSION
836400,TOMATOES,4971,3,SUBMISSION,
836900,TOMATOES,4972,4,SUBMISSION,
837100,TOMATOES,4958,3,,SUBMISSION
837600,TOMATOES,4957,3,,SUBMISSION
837900,TOMATOES,4956,4,,SUBMISSION
838300,TOMATOES,4955,3,,SUBMISSION
838600,TOMATOES,4967,3,SUBMISSION,
839500,TOMATOES,4969,4,SUBMISSION,
839700,TOMATOES,4953,5,,SUBMISSION
840000,TOMATOES,4953,3,,SUBMISSION
840600,TOMATOES,4966,4,SUBMISSION,
841000,TOMATOES,4968,4,SUBMISSION,
841200,TOMATOES,4955,4,,SUBMISSION
841400,TOMATOES,4968,3,SUBMISSION,
842400,TOMATOES,4969,4,SUBMISSION,
842600,TOMATOES,4955,3,,SUBMISSION
842800,TOMATOES,4955,4,,SUBMISSION
843300,TOMATOES,4969,3,SUBMISSION,
843800,TOMATOES,4954,3,,SUBMISSION
844100,TOMATOES,4969,3,SUBMISSION,
846100,TOMATOES,4954,3,,SUBMISSION
846200,TOMATOES,4954,4,,SUBMISSION
846500,TOMATOES,4968,3,SUBMISSION,
847100,TOMATOES,4969,3,SUBMISSION,
847200,TOMATOES,4955,3,,SUBMISSION
847400,TOMATOES,4969,4,SUBMISSION,
848300,TOMATOES,4953,3,,SUBMISSION
848700,TOMATOES,4952,4,,SUBMISSION
850200,TOMATOES,4963,4,SUBMISSION,
850400,TOMATOES,4949,3,,SUBMISSION
850600,TOMATOES,4965,3,SUBMISSION,
851200,TOMATOES,4964,4,SUBMISSION,
851300,TOMATOES,4950,3,,SUBMISSION
854200,TOMATOES,4964,3,SUBMISSION,
855300,TOMATOES,4949,3,,SUBMISSION
855600,TOMATOES,4948,3,,SUBMISSION
856400,TOMATOES,4962,3,SUBMISSION,
856800,TOMATOES,4963,3,SUBMISSION,
858500,TOMATOES,4949,3,,SUBMISSION
858900,TOMATOES,4948,3,,SUBMISSION
859600,TOMATOES,4962,3,SUBMISSION,
859800,TOMATOES,4949,3,,SUBMISSION
860000,TOMATOES,4962,3,SUBMISSION,
860800,TOMATOES,4946,3,,SUBMISSION
861200,TOMATOES,4961,3,SUBMISSION,
861600,TOMATOES,4963,3,SUBMISSION,
862000,TOMATOES,4964,3,SUBMISSION,
862500,TOMATOES,4949,3,,SUBMISSION
862700,TOMATOES,4950,4,,SUBMISSION
862900,TOMATOES,4964,3,SUBMISSION,
863700,TOMATOES,4965,3,SUBMISSION,
864300,TOMATOES,4965,3,SUBMISSION,
864700,TOMATOES,4953,3,,SUBMISSION
865500,TOMATOES,4953,3,,SUBMISSION
865800,TOMATOES,4967,3,SUBMISSION,
866000,TOMATOES,4953,5,,SUBMISSION
866900,TOMATOES,4966,4,SUBMISSION,
867100,TOMATOES,4952,3,,SUBMISSION
867400,TOMATOES,4951,3,,SUBMISSION
867600,TOMATOES,4951,4,,SUBMISSION
868000,TOMATOES,4964,3,SUBMISSION,
869400,TOMATOES,4964,3,SUBMISSION,
870100,TOMATOES,4950,4,,SUBMISSION
870400,TOMATOES,4963,3,SUBMISSION,
871300,TOMATOES,4963,5,SUBMISSION,
872100,TOMATOES,4950,3,,SUBMISSION
872400,TOMATOES,4949,5,,SUBMISSION
872600,TOMATOES,4963,3,SUBMISSION,
873000,TOMATOES,4964,3,SUBMISSION,
874300,TOMATOES,4965,5,SUBMISSION,
874400,TOMATOES,4951,3,,SUBMISSION
875500,TOMATOES,4969,3,SUBMISSION,
876300,TOMATOES,4955,3,,SUBMISSION
876400,TOMATOES,4955,3,,SUBMISSION
876600,TOMATOES,4969,3,SUBMISSION,
878100,TOMATOES,4955,3,,SUBMISSION
878900,TOMATOES,4969,3,SUBMISSION,
879200,TOMATOES,4956,3,,SUBMISSION
880300,TOMATOES,4972,3,SUBMISSION,
880600,TOMATOES,4973,3,SUBMISSION,
881100,TOMATOES,4958,4,,SUBMISSION
881300,TOMATOES,4957,3,,SUBMISSION
882700,TOMATOES,4972,3,SUBMISSION,
883800,TOMATOES,4959,5,,SUBMISSION
884000,TOMATOES,4972,3,SUBMISSION,
884600,TOMATOES,4974,3,SUBMISSION,
885500,TOMATOES,4976,3,SUBMISSION,
886400,TOMATOES,4980,3,SUBMISSION,
886700,TOMATOES,4982,3,SUBMISSION,
887000,TOMATOES,4967,6,,SUBMISSION
887100,TOMATOES,4967,4,,SUBMISSION
887700,TOMATOES,4965,3,,SUBMISSION
887800,TOMATOES,4979,4,SUBMISSION,
888400,TOMATOES,4965,3,,SUBMISSION
888700,TOMATOES,4980,3,SUBMISSION,
890000,TOMATOES,4966,3,,SUBMISSION
890500,TOMATOES,4980,3,SUBMISSION,
890700,TOMATOES,4966,3,,SUBMISSION
892000,TOMATOES,4964,3,,SUBMISSION
893300,TOMATOES,4977,4,SUBMISSION,
894000,TOMATOES,4963,3,,SUBMISSION
896500,TOMATOES,4978,4,SUBMISSION,
897000,TOMATOES,4963,3,,SUBMISSION
898600,TOMATOES,4961,3,,SUBMISSION
899200,TOMATOES,4959,3,,SUBMISSION
900100,TOMATOES,4972,3,SUBMISSION,
900600,TOMATOES,4955,4,,SUBMISSION
901600,TOMATOES,4969,3,SUBMISSION,
901800,TOMATOES,4969,3,SUBMISSION,
902300,TOMATOES,4971,3,SUBMISSION,
902600,TOMATOES,4972,4,SUBMISSION,
902800,TOMATOES,4974,3,SUBMISSION,
903400,TOMATOES,4959,3,,SUBMISSION
903600,TOMATOES,4958,3,,SUBMISSION
904200,TOMATOES,4957,3,,SUBMISSION
905600,TOMATOES,4971,4,SUBMISSION,
910300,TOMATOES,4961,3,,SUBMISSION
911000,TOMATOES,4977,3,SUBMISSION,
911900,TOMATOES,4962,4,,SUBMISSION
913000,TOMATOES,4977,3,SUBMISSION,
913700,TOMATOES,4963,5,,SUBMISSION
915600,TOMATOES,4975,3,SUBMISSION,
916600,TOMATOES,4959,3,,SUBMISSION
918900,TOMATOES,4955,3,,SUBMISSION
919600,TOMATOES,4970,3,SUBMISSION,
920000,TOMATOES,4970,3,SUBMISSION,
922400,TOMATOES,4956,3,,SUBMISSION
922900,TOMATOES,4969,3,SUBMISSION,
923400,TOMATOES,4955,3,,SUBMISSION
925400,TOMATOES,4968,3,SUBMISSION,
927800,TOMATOES,4969,3,SUBMISSION,
928300,TOMATOES,4972,3,SUBMISSION,
928800,TOMATOES,4957,3,,SUBMISSION
928900,TOMATOES,4957,4,,SUBMISSION
929100,TOMATOES,4971,3,SUBMISSION,
929700,TOMATOES,4955,3,,SUBMISSION
930300,TOMATOES,4954,3,,SUBMISSION
931000,TOMATOES,4952,4,,SUBMISSION
931400,TOMATOES,4966,6,SUBMISSION,
931800,TOMATOES,4951,3,,SUBMISSION
932300,TOMATOES,4966,3,SUBMISSION,
933100,TOMATOES,4967,3,SUBMISSION,
933400,TOMATOES,4968,3,SUBMISSION,
933800,TOMATOES,4953,3,,SUBMISSION
935500,TOMATOES,4969,3,SUBMISSION,
938900,TOMATOES,4958,3,,SUBMISSION
939100,TOMATOES,4973,3,SUBMISSION,
939800,TOMATOES,4959,3,,SUBMISSION
940700,TOMATOES,4958,3,,SUBMISSION
942300,TOMATOES,4972,3,SUBMISSION,
942900,TOMATOES,4958,4,,SUBMISSION
943000,TOMATOES,4957,4,,SUBMISSION
943600,TOMATOES,4969,3,SUBMISSION,
943800,TOMATOES,4970,3,SUBMISSION,
945400,TOMATOES,4954,3,,SUBMISSION
947100,TOMATOES,4967,3,SUBMISSION,
947400,TOMATOES,4967,3,SUBMISSION,
947600,TOMATOES,4953,3,,SUBMISSION
949200,TOMATOES,4968,3,SUBMISSION,
950400,TOMATOES,4953,3,,SUBMISSION
953100,TOMATOES,4967,5,SUBMISSION,
953300,TOMATOES,4953,3,,SUBMISSION
953700,TOMATOES,4952,3,,SUBMISSION
955100,TOMATOES,4949,3,,SUBMISSION
957500,TOMATOES,4962,4,SUBMISSION,
958800,TOMATOES,4963,3,SUBMISSION,
959300,TOMATOES,4947,3,,SUBMISSION
961200,TOMATOES,4961,3,SUBMISSION,
962800,TOMATOES,4947,3,,SUBMISSION
964700,TOMATOES,4961,4,SUBMISSION,
964900,TOMATOES,4947,3,,SUBMISSION
965400,TOMATOES,4948,3,,SUBMISSION
965600,TOMATOES,4962,3,SUBMISSION,
965800,TOMATOES,4963,3,SUBMISSION,
967100,TOMATOES,4965,4,SUBMISSION,
967500,TOMATOES,4951,3,,SUBMISSION
968900,TOMATOES,4951,3,,SUBMISSION
969100,TOMATOES,4951,4,,SUBMISSION
969400,TOMATOES,4964,4,SUBMISSION,
970700,TOMATOES,4950,3,,SUBMISSION
971000,TOMATOES,4964,5,SUBMISSION,
972100,TOMATOES,4951,3,,SUBMISSION
973000,TOMATOES,4966,3,SUBMISSION,
973200,TOMATOES,4966,3,SUBMISSION,
973600,TOMATOES,4953,3,,SUBMISSION
975000,TOMATOES,4953,3,,SUBMISSION
975400,TOMATOES,4951,3,,SUBMISSION
975500,TOMATOES,4952,3,,SUBMISSION
975800,TOMATOES,4966,3,SUBMISSION,
976200,TOMATOES,4966,3,SUBMISSION,
976900,TOMATOES,4967,5,SUBMISSION,
977400,TOMATOES,4954,3,,SUBMISSION
977800,TOMATOES,4953,3,,SUBMISSION
978000,TOMATOES,4951,3,,SUBMISSION
978200,TOMATOES,4951,5,,SUBMISSION
978400,TOMATOES,4964,3,SUBMISSION,
978800,TOMATOES,4965,3,SUBMISSION,
979100,TOMATOES,4966,3,SUBMISSION,
979500,TOMATOES,4950,3,,SUBMISSION
980700,TOMATOES,4965,4,SUBMISSION,
981800,TOMATOES,4949,3,,SUBMISSION
983800,TOMATOES,4962,3,SUBMISSION,
984000,TOMATOES,4948,3,,SUBMISSION
984600,TOMATOES,4946,4,,SUBMISSION
985300,TOMATOES,4945,4,,SUBMISSION
985500,TOMATOES,4958,3,SUBMISSION,
985700,TOMATOES,4959,5,SUBMISSION,
986500,TOMATOES,4960,3,SUBMISSION,
987100,TOMATOES,4945,3,,SUBMISSION
987700,TOMATOES,4944,5,,SUBMISSION
987900,TOMATOES,4958,3,SUBMISSION,
988100,TOMATOES,4958,3,SUBMISSION,
988600,TOMATOES,4959,3,SUBMISSION,
989300,TOMATOES,4944,3,,SUBMISSION
989600,TOMATOES,4943,3,,SUBMISSION
990200,TOMATOES,4957,3,SUBMISSION,
991200,TOMATOES,4957,4,SUBMISSION,
991600,TOMATOES,4945,5,,SUBMISSION
991800,TOMATOES,4958,3,SUBMISSION,
992500,TOMATOES,4942,3,,SUBMISSION
992700,TOMATOES,4957,3,SUBMISSION,
992800,TOMATOES,4957,3,SUBMISSION,
993000,TOMATOES,4943,4,,SUBMISSION
993200,TOMATOES,4943,5,,SUBMISSION
993600,TOMATOES,4956,3,SUBMISSION,
994100,TOMATOES,4958,3,SUBMISSION,
995900,TOMATOES,4943,3,,SUBMISSION
996000,TOMATOES,4943,3,,SUBMISSION
996400,TOMATOES,4957,3,SUBMISSION,
996600,TOMATOES,4944,3,,SUBMISSION
996700,TOMATOES,4959,4,SUBMISSION,
996800,TOMATOES,4958,5,SUBMISSION,
997000,TOMATOES,4945,3,,SUBMISSION
997200,TOMATOES,4959,3,SUBMISSION,
998200,TOMATOES,4962,3,SUBMISSION,
998400,TOMATOES,4964,3,SUBMISSION,
999100,TOMATOES,4950,3,,SUBMISSION
999400,TOMATOES,4949,3,,SUBMISSION
999600,TOMATOES,4963,3,SUBMISSION,
999900,TOMATOES,4950,3,,SUBMISSION
