timestamp,symbol,price,quantity,buyer,seller
300,TOMATOES,5008,3,SUBMISSION,
700,TOMATOES,4993,3,,SUBMISSION
1900,TOMATOES,4992,3,,SUBMISSION
2500,TOMATOES,4990,3,,SUBMISSION
3300,TOMATOES,4988,5,,SUBMISSION
3500,TOMATOES,5001,3,SUBMISSION,
3700,TOMATOES,5002,3,SUBMISSION,
4000,TOMATOES,5002,3,SUBMISSION,
5600,TOMATOES,5002,5,SUBMISSION,
6000,TOMATOES,4988,3,,SUBMISSION
6800,TOMATOES,4987,6,,SUBMISSION
7100,TOMATOES,5000,3,SUBMISSION,
7700,TOMATOES,5001,3,SUBMISSION,
8200,TOMATOES,5001,4,SUBMISSION,
8300,TOMATOES,4987,3,,SUBMISSION
9000,TOMATOES,4987,3,,SUBMISSION
9300,TOMATOES,5001,4,SUBMISSION,
9500,TOMATOES,4986,3,,SUBMISSION
10100,TOMATOES,5001,3,SUBMISSION,
10400,TOMATOES,4986,3,,SUBMISSION
10800,TOMATOES,4985,3,,SUBMISSION
11900,TOMATOES,4999,3,SUBMISSION,
12400,TOMATOES,5000,3,SUBMISSION,
13500,TOMATOES,4985,3,,SUBMISSION
14300,TOMATOES,4983,3,,SUBMISSION
14600,TOMATOES,4997,3,SUBMISSION,
16200,TOMATOES,4999,4,SUBMISSION,
16400,TOMATOES,4985,5,,SUBMISSION
16600,TOMATOES,5000,3,SUBMISSION,
17500,TOMATOES,5001,3,SUBMISSION,
17800,TOMATOES,4986,3,,SUBMISSION
18700,TOMATOES,5001,4,SUBMISSION,
19200,TOMATOES,4987,3,,SUBMISSION
19500,TOMATOES,4986,3,,SUBMISSION
20400,TOMATOES,5002,3,SUBMISSION,
21100,TOMATOES,4987,3,,SUBMISSION
22400,TOMATOES,4988,4,,SUBMISSION
22600,TOMATOES,5000,4,SUBMISSION,
22900,TOMATOES,5002,3,SUBMISSION,
23300,TOMATOES,5002,3,SUBMISSION,
23800,TOMATOES,4988,3,,SUBMISSION
24200,TOMATOES,4987,3,,SUBMISSION
25800,TOMATOES,5003,5,SUBMISSION,
26800,TOMATOES,4989,7,,SUBMISSION
27700,TOMATOES,5002,4,SUBMISSION,
28000,TOMATOES,4987,3,,SUBMISSION
28100,TOMATOES,4987,4,,SUBMISSION
28300,TOMATOES,5002,5,SUBMISSION,
28700,TOMATOES,5002,5,SUBMISSION,
30500,TOMATOES,4990,5,,SUBMISSION
30500,TOMATOES,4990,1,,SUBMISSION
30700,TOMATOES,5005,4,SUBMISSION,
30900,TOMATOES,4992,4,,SUBMISSION
31000,TOMATOES,5005,3,SUBMISSION,
32800,TOMATOES,4990,5,,SUBMISSION
33000,TOMATOES,5005,3,SUBMISSION,
33600,TOMATOES,5005,3,SUBMISSION,
35500,TOMATOES,4992,5,,SUBMISSION
35700,TOMATOES,5006,3,SUBMISSION,
38800,TOMATOES,5005,3,SUBMISSION,
38900,TOMATOES,4990,3,,SUBMISSION
39200,TOMATOES,4989,4,,SUBMISSION
41200,TOMATOES,5001,3,SUBMISSION,
41500,TOMATOES,4988,3,,SUBMISSION
41700,TOMATOES,5002,3,SUBMISSION,
41800,TOMATOES,5004,3,SUBMISSION,
42200,TOMATOES,5005,4,SUBMISSION,
42800,TOMATOES,4990,3,,SUBMISSION
46200,TOMATOES,5008,3,SUBMISSION,
46400,TOMATOES,4994,3,,SUBMISSION
46800,TOMATOES,4995,4,,SUBMISSION
47100,TOMATOES,5009,3,SUBMISSION,
47200,TOMATOES,5010,4,SUBMISSION,
48000,TOMATOES,4997,3,,SUBMISSION
48400,TOMATOES,4996,3,,SUBMISSION
50100,TOMATOES,5011,3,SUBMISSION,
51900,TOMATOES,4997,3,,SUBMISSION
52600,TOMATOES,4996,3,,SUBMISSION
53800,TOMATOES,4994,5,,SUBMISSION
54300,TOMATOES,5007,3,SUBMISSION,
55300,TOMATOES,5007,3,SUBMISSION,
56200,TOMATOES,5008,3,SUBMISSION,
57200,TOMATOES,5010,3,SUBMISSION,
57600,TOMATOES,4994,3,,SUBMISSION
58700,TOMATOES,5010,3,SUBMISSION,
59800,TOMATOES,4998,4,,SUBMISSION
60000,TOMATOES,5011,3,SUBMISSION,
60800,TOMATOES,4997,3,,SUBMISSION
61200,TOMATOES,5012,3,SUBMISSION,
63000,TOMATOES,5000,4,,SUBMISSION
63200,TOMATOES,5014,4,SUBMISSION,
63800,TOMATOES,5016,3,SUBMISSION,
66600,TOMATOES,5006,3,,SUBMISSION
66900,TOMATOES,5006,4,,SUBMISSION
67100,TOMATOES,5020,3,SUBMISSION,
68900,TOMATOES,5005,3,,SUBMISSION
70000,TOMATOES,5020,4,SUBMISSION,
71500,TOMATOES,5008,4,,SUBMISSION
72500,TOMATOES,5022,3,SUBMISSION,
74700,TOMATOES,5008,3,,SUBMISSION
75100,TOMATOES,5006,3,,SUBMISSION
76000,TOMATOES,5021,3,SUBMISSION,
77300,TOMATOES,5022,3,SUBMISSION,
77600,TOMATOES,5023,5,SUBMISSION,
78000,TOMATOES,5009,3,,SUBMISSION
78300,TOMATOES,5008,3,,SUBMISSION
79800,TOMATOES,5007,3,,SUBMISSION
80300,TOMATOES,5022,3,SUBMISSION,
80400,TOMATOES,5008,3,,SUBMISSION
80800,TOMATOES,5022,3,SUBMISSION,
82100,TOMATOES,5024,4,SUBMISSION,
82300,TOMATOES,5010,3,,SUBMISSION
83100,TOMATOES,5026,3,SUBMISSION,
83800,TOMATOES,5028,3,SUBMISSION,
84300,TOMATOES,5014,3,,SUBMISSION
85700,TOMATOES,5015,3,,SUBMISSION
87100,TOMATOES,5014,3,,SUBMISSION
88700,TOMATOES,5012,3,,SUBMISSION
88800,TOMATOES,5012,4,,SUBMISSION
88900,TOMATOES,5027,3,SUBMISSION,
89400,TOMATOES,5027,4,SUBMISSION,
91700,TOMATOES,5012,5,,SUBMISSION
91800,TOMATOES,5026,3,SUBMISSION,
92100,TOMATOES,5027,3,SUBMISSION,
93000,TOMATOES,5011,3,,SUBMISSION
93100,TOMATOES,5024,3,SUBMISSION,
93300,TOMATOES,5010,3,,SUBMISSION
93800,TOMATOES,5008,4,,SUBMISSION
94800,TOMATOES,5022,3,SUBMISSION,
95500,TOMATOES,5023,3,SUBMISSION,
95600,TOMATOES,5023,4,SUBMISSION,
96000,TOMATOES,5008,3,,SUBMISSION
97000,TOMATOES,5024,3,SUBMISSION,
97100,TOMATOES,5024,3,SUBMISSION,
97400,TOMATOES,5010,3,,SUBMISSION
98200,TOMATOES,5009,3,,SUBMISSION
98900,TOMATOES,5024,3,SUBMISSION,
99300,TOMATOES,5010,4,,SUBMISSION
100100,TOMATOES,5026,4,SUBMISSION,
100400,TOMATOES,5027,3,SUBMISSION,
100700,TOMATOES,5011,4,,SUBMISSION
102400,TOMATOES,5012,4,,SUBMISSION
102900,TOMATOES,5026,3,SUBMISSION,
103200,TOMATOES,5013,3,,SUBMISSION
103300,TOMATOES,5027,3,SUBMISSION,
103500,TOMATOES,5028,3,SUBMISSION,
104000,TOMATOES,5013,3,,SUBMISSION
104500,TOMATOES,5011,3,,SUBMISSION
105800,TOMATOES,5011,3,,SUBMISSION
106100,TOMATOES,5024,3,SUBMISSION,
107700,TOMATOES,5025,3,SUBMISSION,
108900,TOMATOES,5027,3,SUBMISSION,
109400,TOMATOES,5012,3,,SUBMISSION
110300,TOMATOES,5011,3,,SUBMISSION
111200,TOMATOES,5011,3,,SUBMISSION
111700,TOMATOES,5024,3,SUBMISSION,
112000,TOMATOES,5024,3,SUBMISSION,
112800,TOMATOES,5025,3,SUBMISSION,
115200,TOMATOES,5013,4,,SUBMISSION
115500,TOMATOES,5011,3,,SUBMISSION
116600,TOMATOES,5010,4,,SUBMISSION
117200,TOMATOES,5024,3,SUBMISSION,
117500,TOMATOES,5025,4,SUBMISSION,
118200,TOMATOES,5025,3,SUBMISSION,
118900,TOMATOES,5010,3,,SUBMISSION
119000,TOMATOES,5011,4,,SUBMISSION
119400,TOMATOES,5024,3,SUBMISSION,
120800,TOMATOES,5024,4,SUBMISSION,
121200,TOMATOES,5011,6,,SUBMISSION
121300,TOMATOES,5025,3,SUBMISSION,
121500,TOMATOES,5026,3,SUBMISSION,
121900,TOMATOES,5028,3,SUBMISSION,
122200,TOMATOES,5030,3,SUBMISSION,
122600,TOMATOES,5015,3,,SUBMISSION
122800,TOMATOES,5015,5,,SUBMISSION
123200,TOMATOES,5028,4,SUBMISSION,
123400,TOMATOES,5014,3,,SUBMISSION
123600,TOMATOES,5013,3,,SUBMISSION
123800,TOMATOES,5011,3,,SUBMISSION
124200,TOMATOES,5026,4,SUBMISSION,
125200,TOMATOES,5011,3,,SUBMISSION
126000,TOMATOES,5026,3,SUBMISSION,
126800,TOMATOES,5010,3,,SUBMISSION
127600,TOMATOES,5010,3,,SUBMISSION
127800,TOMATOES,5024,3,SUBMISSION,
128500,TOMATOES,5024,3,SUBMISSION,
129800,TOMATOES,5009,3,,SUBMISSION
131100,TOMATOES,5007,5,,SUBMISSION
131200,TOMATOES,5021,3,SUBMISSION,
132300,TOMATOES,5020,6,SUBMISSION,
133200,TOMATOES,5005,3,,SUBMISSION
133500,TOMATOES,5004,3,,SUBMISSION
134600,TOMATOES,5018,3,SUBMISSION,
135400,TOMATOES,5003,4,,SUBMISSION
135600,TOMATOES,5016,3,SUBMISSION,
136400,TOMATOES,5017,3,SUBMISSION,
137200,TOMATOES,5003,3,,SUBMISSION
137400,TOMATOES,5017,3,SUBMISSION,
138600,TOMATOES,5001,3,,SUBMISSION
139300,TOMATOES,4999,3,,SUBMISSION
139600,TOMATOES,5013,3,SUBMISSION,
140800,TOMATOES,5012,4,SUBMISSION,
140900,TOMATOES,4998,7,,SUBMISSION
141400,TOMATOES,5012,4,SUBMISSION,
141600,TOMATOES,5012,4,SUBMISSION,
143000,TOMATOES,4999,3,,SUBMISSION
145200,TOMATOES,4996,3,,SUBMISSION
146000,TOMATOES,4994,3,,SUBMISSION
146800,TOMATOES,5008,3,SUBMISSION,
147100,TOMATOES,5009,3,SUBMISSION,
148000,TOMATOES,5008,3,SUBMISSION,
149400,TOMATOES,4996,4,,SUBMISSION
150100,TOMATOES,5010,3,SUBMISSION,
150900,TOMATOES,4994,3,,SUBMISSION
151200,TOMATOES,4992,3,,SUBMISSION
151300,TOMATOES,5007,4,SUBMISSION,
152300,TOMATOES,5009,3,SUBMISSION,
152600,TOMATOES,5011,3,SUBMISSION,
153200,TOMATOES,4996,3,,SUBMISSION
153400,TOMATOES,4996,4,,SUBMISSION
153600,TOMATOES,5009,4,SUBMISSION,
153800,TOMATOES,4995,3,,SUBMISSION
154900,TOMATOES,5009,4,SUBMISSION,
155200,TOMATOES,4995,3,,SUBMISSION
155500,TOMATOES,4994,3,,SUBMISSION
155800,TOMATOES,5007,3,SUBMISSION,
156100,TOMATOES,4994,3,,SUBMISSION
160200,TOMATOES,5004,3,SUBMISSION,
160700,TOMATOES,4989,4,,SUBMISSION
161100,TOMATOES,5004,3,SUBMISSION,
162500,TOMATOES,4987,3,,SUBMISSION
163400,TOMATOES,5001,4,SUBMISSION,
163600,TOMATOES,4987,5,,SUBMISSION
163900,TOMATOES,5001,3,SUBMISSION,
164000,TOMATOES,5002,4,SUBMISSION,
164300,TOMATOES,4987,3,,SUBMISSION
164700,TOMATOES,5002,3,SUBMISSION,
165100,TOMATOES,5005,3,SUBMISSION,
167200,TOMATOES,4992,3,,SUBMISSION
167800,TOMATOES,4992,3,,SUBMISSION
168300,TOMATOES,4990,3,,SUBMISSION
168600,TOMATOES,5005,3,SUBMISSION,
168900,TOMATOES,5006,3,SUBMISSION,
169600,TOMATOES,4993,4,,SUBMISSION
169800,TOMATOES,5007,4,SUBMISSION,
172000,TOMATOES,4992,3,,SUBMISSION
172900,TOMATOES,5006,5,SUBMISSION,
173100,TOMATOES,4992,3,,SUBMISSION
174200,TOMATOES,4990,4,,SUBMISSION
174400,TOMATOES,4991,4,,SUBMISSION
174600,TOMATOES,5005,3,SUBMISSION,
175300,TOMATOES,4988,3,,SUBMISSION
176200,TOMATOES,5002,3,SUBMISSION,
176700,TOMATOES,4987,4,,SUBMISSION
176900,TOMATOES,5000,3,SUBMISSION,
177100,TOMATOES,5001,3,SUBMISSION,
177800,TOMATOES,5002,3,SUBMISSION,
178800,TOMATOES,4986,3,,SUBMISSION
179100,TOMATOES,4985,3,,SUBMISSION
179200,TOMATOES,5000,5,SUBMISSION,
180100,TOMATOES,5001,4,SUBMISSION,
180300,TOMATOES,4987,3,,SUBMISSION
180500,TOMATOES,4986,3,,SUBMISSION
181200,TOMATOES,5001,3,SUBMISSION,
181700,TOMATOES,4986,7,,SUBMISSION
181900,TOMATOES,5000,3,SUBMISSION,
182200,TOMATOES,5001,3,SUBMISSION,
183300,TOMATOES,4985,3,,SUBMISSION
183900,TOMATOES,5000,3,SUBMISSION,
184800,TOMATOES,4986,5,,SUBMISSION
184900,TOMATOES,5000,3,SUBMISSION,
186400,TOMATOES,5000,3,SUBMISSION,
187300,TOMATOES,5001,3,SUBMISSION,
187700,TOMATOES,5003,3,SUBMISSION,
188300,TOMATOES,4989,3,,SUBMISSION
189000,TOMATOES,4988,3,,SUBMISSION
190600,TOMATOES,4987,3,,SUBMISSION
190800,TOMATOES,5002,4,SUBMISSION,
193200,TOMATOES,5006,3,SUBMISSION,
193500,TOMATOES,4991,3,,SUBMISSION
194000,TOMATOES,4990,3,,SUBMISSION
195300,TOMATOES,5004,4,SUBMISSION,
195600,TOMATOES,4990,6,,SUBMISSION
196600,TOMATOES,5004,3,SUBMISSION,
197300,TOMATOES,5006,3,SUBMISSION,
198300,TOMATOES,5006,3,SUBMISSION,
198400,TOMATOES,4993,5,,SUBMISSION
199300,TOMATOES,4991,3,,SUBMISSION
199900,TOMATOES,4990,3,,SUBMISSION
200100,TOMATOES,4990,3,,SUBMISSION
200300,TOMATOES,5003,3,SUBMISSION,
200800,TOMATOES,5003,3,SUBMISSION,
201500,TOMATOES,5005,4,SUBMISSION,
201900,TOMATOES,5007,3,SUBMISSION,
202900,TOMATOES,4992,3,,SUBMISSION
203200,TOMATOES,4992,3,,SUBMISSION
203800,TOMATOES,5007,3,SUBMISSION,
204000,TOMATOES,5007,3,SUBMISSION,
204300,TOMATOES,4993,3,,SUBMISSION
206700,TOMATOES,4995,4,,SUBMISSION
207600,TOMATOES,5009,3,SUBMISSION,
207900,TOMATOES,5011,4,SUBMISSION,
208900,TOMATOES,4997,4,,SUBMISSION
209500,TOMATOES,4995,3,,SUBMISSION
210000,TOMATOES,4995,3,,SUBMISSION
210500,TOMATOES,5008,5,SUBMISSION,
212100,TOMATOES,5009,3,SUBMISSION,
212200,TOMATOES,4996,5,,SUBMISSION
213500,TOMATOES,5009,3,SUBMISSION,
214200,TOMATOES,4993,4,,SUBMISSION
215000,TOMATOES,5008,3,SUBMISSION,
215200,TOMATOES,4993,4,,SUBMISSION
216400,TOMATOES,4991,4,,SUBMISSION
216800,TOMATOES,5004,3,SUBMISSION,
217000,TOMATOES,5005,3,SUBMISSION,
217800,TOMATOES,5005,3,SUBMISSION,
220100,TOMATOES,4991,6,,SUBMISSION
220300,TOMATOES,5004,3,SUBMISSION,
221100,TOMATOES,5005,3,SUBMISSION,
221400,TOMATOES,5006,3,SUBMISSION,
221800,TOMATOES,4993,4,,SUBMISSION
222700,TOMATOES,5006,5,SUBMISSION,
223200,TOMATOES,4993,3,,SUBMISSION
223700,TOMATOES,4991,3,,SUBMISSION
226800,TOMATOES,4990,5,,SUBMISSION
227100,TOMATOES,5003,3,SUBMISSION,
228300,TOMATOES,5004,4,SUBMISSION,
229900,TOMATOES,4989,3,,SUBMISSION
230200,TOMATOES,4988,3,,SUBMISSION
230600,TOMATOES,5003,3,SUBMISSION,
231400,TOMATOES,5002,3,SUBMISSION,
234700,TOMATOES,5005,5,SUBMISSION,
235100,TOMATOES,4991,3,,SUBMISSION
235900,TOMATOES,4992,5,,SUBMISSION
236100,TOMATOES,5005,3,SUBMISSION,
236900,TOMATOES,4991,5,,SUBMISSION
237200,TOMATOES,5005,3,SUBMISSION,
238000,TOMATOES,4991,4,,SUBMISSION
238200,TOMATOES,5004,4,SUBMISSION,
239400,TOMATOES,4988,3,,SUBMISSION
240100,TOMATOES,5001,3,SUBMISSION,
241500,TOMATOES,4986,4,,SUBMISSION
241600,TOMATOES,4985,4,,SUBMISSION
241900,TOMATOES,5000,4,SUBMISSION,
242100,TOMATOES,5001,3,SUBMISSION,
242400,TOMATOES,5001,3,SUBMISSION,
243100,TOMATOES,5002,4,SUBMISSION,
243300,TOMATOES,4988,3,,SUBMISSION
243700,TOMATOES,4986,3,,SUBMISSION
243900,TOMATOES,4985,3,,SUBMISSION
244200,TOMATOES,5002,4,SUBMISSION,
244700,TOMATOES,5002,3,SUBMISSION,
244900,TOMATOES,4989,3,,SUBMISSION
245100,TOMATOES,5003,3,SUBMISSION,
246100,TOMATOES,5005,3,SUBMISSION,
246700,TOMATOES,4990,4,,SUBMISSION
246800,TOMATOES,4991,3,,SUBMISSION
247900,TOMATOES,5005,3,SUBMISSION,
248200,TOMATOES,5007,3,SUBMISSION,
249100,TOMATOES,4993,3,,SUBMISSION
249200,TOMATOES,5007,3,SUBMISSION,
249600,TOMATOES,4993,3,,SUBMISSION
249800,TOMATOES,4992,3,,SUBMISSION
250400,TOMATOES,4991,6,,SUBMISSION
250600,TOMATOES,5004,3,SUBMISSION,
250700,TOMATOES,5004,3,SUBMISSION,
251500,TOMATOES,4991,5,,SUBMISSION
251600,TOMATOES,5005,3,SUBMISSION,
252100,TOMATOES,4990,3,,SUBMISSION
252300,TOMATOES,5004,3,SUBMISSION,
252400,TOMATOES,4989,4,,SUBMISSION
252600,TOMATOES,5004,5,SUBMISSION,
253000,TOMATOES,5005,3,SUBMISSION,
254000,TOMATOES,4989,3,,SUBMISSION
254900,TOMATOES,5004,3,SUBMISSION,
255700,TOMATOES,5005,3,SUBMISSION,
256300,TOMATOES,4991,3,,SUBMISSION
257200,TOMATOES,4990,3,,SUBMISSION
258600,TOMATOES,4987,3,,SUBMISSION
259300,TOMATOES,5001,6,SUBMISSION,
260500,TOMATOES,4988,5,,SUBMISSION
260900,TOMATOES,5001,3,SUBMISSION,
261000,TOMATOES,4988,3,,SUBMISSION
261700,TOMATOES,5001,3,SUBMISSION,
262400,TOMATOES,5002,3,SUBMISSION,
262600,TOMATOES,4989,4,,SUBMISSION
262800,TOMATOES,5002,3,SUBMISSION,
263000,TOMATOES,5004,3,SUBMISSION,
264500,TOMATOES,4992,3,,SUBMISSION
267300,TOMATOES,5003,3,SUBMISSION,
267400,TOMATOES,4989,4,,SUBMISSION
267500,TOMATOES,4988,3,,SUBMISSION
268600,TOMATOES,5004,3,SUBMISSION,
270900,TOMATOES,5006,6,SUBMISSION,
270900,TOMATOES,5006,1,SUBMISSION,
271100,TOMATOES,4993,3,,SUBMISSION
271900,TOMATOES,4994,4,,SUBMISSION
272200,TOMATOES,5008,3,SUBMISSION,
274100,TOMATOES,5012,3,SUBMISSION,
274700,TOMATOES,5013,3,SUBMISSION,
274900,TOMATOES,4999,3,,SUBMISSION
275600,TOMATOES,4999,3,,SUBMISSION
276500,TOMATOES,4998,3,,SUBMISSION
277000,TOMATOES,4998,3,,SUBMISSION
277500,TOMATOES,5013,6,SUBMISSION,
277500,TOMATOES,5013,1,SUBMISSION,
278000,TOMATOES,5001,3,,SUBMISSION
279500,TOMATOES,5016,3,SUBMISSION,
280200,TOMATOES,5016,3,SUBMISSION,
280400,TOMATOES,5003,3,,SUBMISSION
281400,TOMATOES,5004,5,,SUBMISSION
283500,TOMATOES,5001,5,,SUBMISSION
283800,TOMATOES,5015,3,SUBMISSION,
284100,TOMATOES,5015,3,SUBMISSION,
285200,TOMATOES,5017,3,SUBMISSION,
286000,TOMATOES,5003,4,,SUBMISSION
286700,TOMATOES,4999,4,,SUBMISSION
290300,TOMATOES,5010,3,SUBMISSION,
291100,TOMATOES,5010,3,SUBMISSION,
291900,TOMATOES,4996,3,,SUBMISSION
292200,TOMATOES,5008,4,SUBMISSION,
293100,TOMATOES,4994,3,,SUBMISSION
293500,TOMATOES,4995,3,,SUBMISSION
293900,TOMATOES,5009,3,SUBMISSION,
294500,TOMATOES,5011,4,SUBMISSION,
294700,TOMATOES,5012,3,SUBMISSION,
295200,TOMATOES,4997,7,,SUBMISSION
295800,TOMATOES,5011,3,SUBMISSION,
296400,TOMATOES,4996,3,,SUBMISSION
298100,TOMATOES,4994,3,,SUBMISSION
299200,TOMATOES,5008,3,SUBMISSION,
299600,TOMATOES,5009,3,SUBMISSION,
299700,TOMATOES,4996,3,,SUBMISSION
299900,TOMATOES,5010,4,SUBMISSION,
300500,TOMATOES,4996,4,,SUBMISSION
301600,TOMATOES,5008,4,SUBMISSION,
301700,TOMATOES,4994,3,,SUBMISSION
301900,TOMATOES,4993,4,,SUBMISSION
302600,TOMATOES,5008,3,SUBMISSION,
302800,TOMATOES,5010,3,SUBMISSION,
303700,TOMATOES,4994,3,,SUBMISSION
305100,TOMATOES,5010,3,SUBMISSION,
305700,TOMATOES,4996,3,,SUBMISSION
305800,TOMATOES,4997,3,,SUBMISSION
305900,TOMATOES,5011,4,SUBMISSION,
306100,TOMATOES,5011,3,SUBMISSION,
306200,TOMATOES,4998,3,,SUBMISSION
306800,TOMATOES,5011,3,SUBMISSION,
309300,TOMATOES,4998,3,,SUBMISSION
309900,TOMATOES,4997,5,,SUBMISSION
309900,TOMATOES,4997,1,,SUBMISSION
310100,TOMATOES,5011,4,SUBMISSION,
310300,TOMATOES,4997,3,,SUBMISSION
310400,TOMATOES,5011,3,SUBMISSION,
310700,TOMATOES,5011,5,SUBMISSION,
311000,TOMATOES,4997,3,,SUBMISSION
311300,TOMATOES,4996,6,,SUBMISSION
311500,TOMATOES,5009,3,SUBMISSION,
311600,TOMATOES,4996,3,,SUBMISSION
311800,TOMATOES,5010,4,SUBMISSION,
312900,TOMATOES,5009,5,SUBMISSION,
313500,TOMATOES,4996,3,,SUBMISSION
313900,TOMATOES,4994,4,,SUBMISSION
314100,TOMATOES,5009,4,SUBMISSION,
314500,TOMATOES,4996,4,,SUBMISSION
314700,TOMATOES,5010,4,SUBMISSION,
316600,TOMATOES,5010,5,SUBMISSION,
316900,TOMATOES,4996,4,,SUBMISSION
317100,TOMATOES,4995,3,,SUBMISSION
318500,TOMATOES,5010,3,SUBMISSION,
318900,TOMATOES,5011,3,SUBMISSION,
319600,TOMATOES,4999,3,,SUBMISSION
320700,TOMATOES,5012,5,SUBMISSION,
321100,TOMATOES,5000,5,,SUBMISSION
321300,TOMATOES,5014,3,SUBMISSION,
321400,TOMATOES,5001,4,,SUBMISSION
321900,TOMATOES,5014,3,SUBMISSION,
322800,TOMATOES,4998,4,,SUBMISSION
324100,TOMATOES,5015,4,SUBMISSION,
325800,TOMATOES,5000,3,,SUBMISSION
326100,TOMATOES,4999,7,,SUBMISSION
326300,TOMATOES,5013,3,SUBMISSION,
327100,TOMATOES,5014,4,SUBMISSION,
327600,TOMATOES,5015,3,SUBMISSION,
328100,TOMATOES,5017,3,SUBMISSION,
330400,TOMATOES,5006,3,,SUBMISSION
332000,TOMATOES,5006,3,,SUBMISSION
333200,TOMATOES,5023,4,SUBMISSION,
333600,TOMATOES,5009,3,,SUBMISSION
335500,TOMATOES,5007,3,,SUBMISSION
335600,TOMATOES,5006,4,,SUBMISSION
335800,TOMATOES,5021,4,SUBMISSION,
336400,TOMATOES,5021,3,SUBMISSION,
337000,TOMATOES,5023,7,SUBMISSION,
337200,TOMATOES,5009,4,,SUBMISSION
337600,TOMATOES,5008,3,,SUBMISSION
338100,TOMATOES,5007,3,,SUBMISSION
338200,TOMATOES,5007,3,,SUBMISSION
338700,TOMATOES,5021,3,SUBMISSION,
339000,TOMATOES,5022,3,SUBMISSION,
340400,TOMATOES,5024,3,SUBMISSION,
341000,TOMATOES,5009,3,,SUBMISSION
341600,TOMATOES,5007,3,,SUBMISSION
341800,TOMATOES,5006,3,,SUBMISSION
342100,TOMATOES,5004,3,,SUBMISSION
342600,TOMATOES,5019,3,SUBMISSION,
342700,TOMATOES,5020,4,SUBMISSION,
345400,TOMATOES,5020,5,SUBMISSION,
345700,TOMATOES,5006,3,,SUBMISSION
348500,TOMATOES,5005,3,,SUBMISSION
348700,TOMATOES,5006,3,,SUBMISSION
348900,TOMATOES,5019,3,SUBMISSION,
349200,TOMATOES,5020,3,SUBMISSION,
350700,TOMATOES,5022,3,SUBMISSION,
351200,TOMATOES,5008,3,,SUBMISSION
352600,TOMATOES,5023,3,SUBMISSION,
352800,TOMATOES,5010,3,,SUBMISSION
353100,TOMATOES,5024,3,SUBMISSION,
354200,TOMATOES,5010,6,,SUBMISSION
355500,TOMATOES,5024,3,SUBMISSION,
355700,TOMATOES,5024,4,SUBMISSION,
355900,TOMATOES,5010,3,,SUBMISSION
356600,TOMATOES,5010,3,,SUBMISSION
358000,TOMATOES,5025,3,SUBMISSION,
359800,TOMATOES,5010,3,,SUBMISSION
361000,TOMATOES,5011,3,,SUBMISSION
361400,TOMATOES,5023,3,SUBMISSION,
362200,TOMATOES,5024,3,SUBMISSION,
362600,TOMATOES,5009,3,,SUBMISSION
363400,TOMATOES,5008,3,,SUBMISSION
363700,TOMATOES,5023,3,SUBMISSION,
365100,TOMATOES,5007,5,,SUBMISSION
365400,TOMATOES,5021,3,SUBMISSION,
365900,TOMATOES,5022,4,SUBMISSION,
366500,TOMATOES,5023,5,SUBMISSION,
366900,TOMATOES,5009,3,,SUBMISSION
367800,TOMATOES,5009,3,,SUBMISSION
368300,TOMATOES,5023,3,SUBMISSION,
368500,TOMATOES,5008,3,,SUBMISSION
368700,TOMATOES,5008,4,,SUBMISSION
369400,TOMATOES,5022,3,SUBMISSION,
371400,TOMATOES,5022,3,SUBMISSION,
372300,TOMATOES,5008,5,,SUBMISSION
372300,TOMATOES,5008,1,,SUBMISSION
372400,TOMATOES,5022,3,SUBMISSION,
373800,TOMATOES,5006,3,,SUBMISSION
374100,TOMATOES,5021,3,SUBMISSION,
374400,TOMATOES,5020,4,SUBMISSION,
374600,TOMATOES,5006,3,,SUBMISSION
374900,TOMATOES,5005,3,,SUBMISSION
375200,TOMATOES,5020,3,SUBMISSION,
375700,TOMATOES,5020,3,SUBMISSION,
376200,TOMATOES,5007,3,,SUBMISSION
376700,TOMATOES,5022,3,SUBMISSION,
377600,TOMATOES,5007,3,,SUBMISSION
378400,TOMATOES,5007,4,,SUBMISSION
378600,TOMATOES,5022,3,SUBMISSION,
378900,TOMATOES,5023,3,SUBMISSION,
379400,TOMATOES,5008,3,,SUBMISSION
381300,TOMATOES,5023,3,SUBMISSION,
382000,TOMATOES,5025,3,SUBMISSION,
383000,TOMATOES,5011,3,,SUBMISSION
383300,TOMATOES,5010,3,,SUBMISSION
383400,TOMATOES,5024,3,SUBMISSION,
383500,TOMATOES,5009,3,,SUBMISSION
384800,TOMATOES,5008,3,,SUBMISSION
386100,TOMATOES,5021,6,SUBMISSION,
386100,TOMATOES,5021,1,SUBMISSION,
386500,TOMATOES,5008,3,,SUBMISSION
387000,TOMATOES,5021,3,SUBMISSION,
388400,TOMATOES,5008,3,,SUBMISSION
388700,TOMATOES,5007,3,,SUBMISSION
389900,TOMATOES,5007,3,,SUBMISSION
390200,TOMATOES,5018,4,SUBMISSION,
390400,TOMATOES,5004,3,,SUBMISSION
391200,TOMATOES,5003,4,,SUBMISSION
391400,TOMATOES,5017,3,SUBMISSION,
391600,TOMATOES,5018,4,SUBMISSION,
394800,TOMATOES,5017,3,SUBMISSION,
395500,TOMATOES,5001,3,,SUBMISSION
396600,TOMATOES,4999,3,,SUBMISSION
397100,TOMATOES,5014,3,SUBMISSION,
397600,TOMATOES,4999,4,,SUBMISSION
397900,TOMATOES,5012,3,SUBMISSION,
398100,TOMATOES,5014,5,SUBMISSION,
398100,TOMATOES,5014,2,SUBMISSION,
398500,TOMATOES,5000,3,,SUBMISSION
398700,TOMATOES,5013,3,SUBMISSION,
398800,TOMATOES,4999,3,,SUBMISSION
399300,TOMATOES,4999,3,,SUBMISSION
399600,TOMATOES,5014,3,SUBMISSION,
400200,TOMATOES,4999,3,,SUBMISSION
401300,TOMATOES,4996,3,,SUBMISSION
402000,TOMATOES,4993,4,,SUBMISSION
402300,TOMATOES,5008,3,SUBMISSION,
402500,TOMATOES,5008,4,SUBMISSION,
403200,TOMATOES,5010,3,SUBMISSION,
403300,TOMATOES,4996,4,,SUBMISSION
403500,TOMATOES,5011,4,SUBMISSION,
403800,TOMATOES,5011,3,SUBMISSION,
404900,TOMATOES,5014,3,SUBMISSION,
405200,TOMATOES,5000,5,,SUBMISSION
405200,TOMATOES,5000,1,,SUBMISSION
405600,TOMATOES,5015,3,SUBMISSION,
407000,TOMATOES,5001,3,,SUBMISSION
407500,TOMATOES,5016,3,SUBMISSION,
407600,TOMATOES,5016,4,SUBMISSION,
407800,TOMATOES,5002,4,,SUBMISSION
408300,TOMATOES,5002,3,,SUBMISSION
409800,TOMATOES,5003,3,,SUBMISSION
410000,TOMATOES,5015,4,SUBMISSION,
410100,TOMATOES,5002,5,,SUBMISSION
410300,TOMATOES,5017,4,SUBMISSION,
411300,TOMATOES,5001,3,,SUBMISSION
411900,TOMATOES,5015,4,SUBMISSION,
412100,TOMATOES,5000,7,,SUBMISSION
412500,TOMATOES,4999,3,,SUBMISSION
412700,TOMATOES,5012,3,SUBMISSION,
412900,TOMATOES,5014,3,SUBMISSION,
413300,TOMATOES,5015,4,SUBMISSION,
414300,TOMATOES,4999,3,,SUBMISSION
414700,TOMATOES,4998,3,,SUBMISSION
415400,TOMATOES,5013,3,SUBMISSION,
417300,TOMATOES,5014,3,SUBMISSION,
417900,TOMATOES,5015,5,SUBMISSION,
418500,TOMATOES,5018,5,SUBMISSION,
418700,TOMATOES,5004,3,,SUBMISSION
419100,TOMATOES,5004,3,,SUBMISSION
419300,TOMATOES,5004,3,,SUBMISSION
419600,TOMATOES,5003,3,,SUBMISSION
422100,TOMATOES,5020,3,SUBMISSION,
422600,TOMATOES,5019,3,SUBMISSION,
422900,TOMATOES,5005,4,,SUBMISSION
423200,TOMATOES,5004,3,,SUBMISSION
423800,TOMATOES,5003,3,,SUBMISSION
424400,TOMATOES,5018,3,SUBMISSION,
424900,TOMATOES,5019,3,SUBMISSION,
425300,TOMATOES,5003,3,,SUBMISSION
425400,TOMATOES,5003,5,,SUBMISSION
425500,TOMATOES,5018,3,SUBMISSION,
426100,TOMATOES,5018,3,SUBMISSION,
426900,TOMATOES,5001,3,,SUBMISSION
428300,TOMATOES,5016,3,SUBMISSION,
430000,TOMATOES,5002,3,,SUBMISSION
430300,TOMATOES,5015,3,SUBMISSION,
431600,TOMATOES,5000,3,,SUBMISSION
432600,TOMATOES,5014,6,SUBMISSION,
432800,TOMATOES,5000,3,,SUBMISSION
433100,TOMATOES,5016,3,SUBMISSION,
433800,TOMATOES,5001,3,,SUBMISSION
434900,TOMATOES,5017,3,SUBMISSION,
435600,TOMATOES,5002,3,,SUBMISSION
436300,TOMATOES,5016,4,SUBMISSION,
436700,TOMATOES,5003,3,,SUBMISSION
437600,TOMATOES,5002,6,,SUBMISSION
437700,TOMATOES,5016,5,SUBMISSION,
438300,TOMATOES,5001,3,,SUBMISSION
438700,TOMATOES,5016,3,SUBMISSION,
439800,TOMATOES,5001,3,,SUBMISSION
441400,TOMATOES,4999,4,,SUBMISSION
441600,TOMATOES,5013,4,SUBMISSION,
441900,TOMATOES,5012,4,SUBMISSION,
442300,TOMATOES,4997,4,,SUBMISSION
444000,TOMATOES,5010,4,SUBMISSION,
444500,TOMATOES,4996,3,,SUBMISSION
445400,TOMATOES,5011,3,SUBMISSION,
445600,TOMATOES,5012,3,SUBMISSION,
445700,TOMATOES,4999,3,,SUBMISSION
445900,TOMATOES,5013,3,SUBMISSION,
446100,TOMATOES,4999,3,,SUBMISSION
447200,TOMATOES,5014,6,SUBMISSION,
447400,TOMATOES,5000,3,,SUBMISSION
448000,TOMATOES,4999,3,,SUBMISSION
448400,TOMATOES,4998,3,,SUBMISSION
449200,TOMATOES,5011,3,SUBMISSION,
449300,TOMATOES,4996,3,,SUBMISSION
450100,TOMATOES,5012,3,SUBMISSION,
450700,TOMATOES,5012,3,SUBMISSION,
451200,TOMATOES,4999,3,,SUBMISSION
451400,TOMATOES,4998,5,,SUBMISSION
451600,TOMATOES,5012,4,SUBMISSION,
452100,TOMATOES,4997,3,,SUBMISSION
452300,TOMATOES,4997,3,,SUBMISSION
452500,TOMATOES,5012,4,SUBMISSION,
453500,TOMATOES,5012,3,SUBMISSION,
454700,TOMATOES,5012,5,SUBMISSION,
454900,TOMATOES,4997,5,,SUBMISSION
455000,TOMATOES,4997,4,,SUBMISSION
455400,TOMATOES,5011,5,SUBMISSION,
455600,TOMATOES,4996,4,,SUBMISSION
455800,TOMATOES,4995,3,,SUBMISSION
457400,TOMATOES,4993,3,,SUBMISSION
457700,TOMATOES,5007,3,SUBMISSION,
458200,TOMATOES,5008,4,SUBMISSION,
458600,TOMATOES,5008,3,SUBMISSION,
459100,TOMATOES,4993,3,,SUBMISSION
460500,TOMATOES,4991,3,,SUBMISSION
461600,TOMATOES,5007,4,SUBMISSION,
463200,TOMATOES,5008,3,SUBMISSION,
464200,TOMATOES,4994,3,,SUBMISSION
464700,TOMATOES,4994,4,,SUBMISSION
464900,TOMATOES,5007,3,SUBMISSION,
467000,TOMATOES,4992,3,,SUBMISSION
467600,TOMATOES,4991,4,,SUBMISSION
467700,TOMATOES,5006,4,SUBMISSION,
467800,TOMATOES,5005,4,SUBMISSION,
469000,TOMATOES,4990,3,,SUBMISSION
469700,TOMATOES,5005,3,SUBMISSION,
469900,TOMATOES,4991,3,,SUBMISSION
470000,TOMATOES,5005,5,SUBMISSION,
470500,TOMATOES,4990,3,,SUBMISSION
471000,TOMATOES,5006,3,SUBMISSION,
471600,TOMATOES,5007,3,SUBMISSION,
472300,TOMATOES,4994,5,,SUBMISSION
472400,TOMATOES,5007,5,SUBMISSION,
472500,TOMATOES,4993,5,,SUBMISSION
473600,TOMATOES,4992,5,,SUBMISSION
473800,TOMATOES,5006,3,SUBMISSION,
474000,TOMATOES,5007,3,SUBMISSION,
474300,TOMATOES,5008,3,SUBMISSION,
475600,TOMATOES,4993,3,,SUBMISSION
476100,TOMATOES,4993,6,,SUBMISSION
477200,TOMATOES,5005,3,SUBMISSION,
478300,TOMATOES,4989,3,,SUBMISSION
479300,TOMATOES,5003,3,SUBMISSION,
480200,TOMATOES,5004,3,SUBMISSION,
480500,TOMATOES,5005,3,SUBMISSION,
481000,TOMATOES,4990,3,,SUBMISSION
482700,TOMATOES,4991,4,,SUBMISSION
483000,TOMATOES,5003,3,SUBMISSION,
483200,TOMATOES,4988,3,,SUBMISSION
483400,TOMATOES,5002,3,SUBMISSION,
484500,TOMATOES,4988,3,,SUBMISSION
484700,TOMATOES,4988,4,,SUBMISSION
485000,TOMATOES,5001,3,SUBMISSION,
485100,TOMATOES,5001,4,SUBMISSION,
485300,TOMATOES,4987,3,,SUBMISSION
485900,TOMATOES,4987,3,,SUBMISSION
486100,TOMATOES,5001,3,SUBMISSION,
486300,TOMATOES,5001,3,SUBMISSION,
488900,TOMATOES,4986,3,,SUBMISSION
489200,TOMATOES,4984,3,,SUBMISSION
489800,TOMATOES,4998,3,SUBMISSION,
490400,TOMATOES,4999,3,SUBMISSION,
491500,TOMATOES,5002,3,SUBMISSION,
492900,TOMATOES,5002,4,SUBMISSION,
493100,TOMATOES,4988,4,,SUBMISSION
493400,TOMATOES,4987,3,,SUBMISSION
493600,TOMATOES,4987,3,,SUBMISSION
495800,TOMATOES,4999,3,SUBMISSION,
496600,TOMATOES,4983,3,,SUBMISSION
497200,TOMATOES,5000,3,SUBMISSION,
497500,TOMATOES,4998,3,SUBMISSION,
497600,TOMATOES,4999,3,SUBMISSION,
497700,TOMATOES,4985,4,,SUBMISSION
498200,TOMATOES,4987,4,,SUBMISSION
498400,TOMATOES,5001,4,SUBMISSION,
500000,TOMATOES,4989,3,,SUBMISSION
500200,TOMATOES,5002,3,SUBMISSION,
501000,TOMATOES,4986,3,,SUBMISSION
503100,TOMATOES,4986,5,,SUBMISSION
503300,TOMATOES,4999,3,SUBMISSION,
503500,TOMATOES,5000,3,SUBMISSION,
503800,TOMATOES,4986,3,,SUBMISSION
504000,TOMATOES,4999,4,SUBMISSION,
504200,TOMATOES,4984,3,,SUBMISSION
505400,TOMATOES,4999,3,SUBMISSION,
505700,TOMATOES,4999,3,SUBMISSION,
506300,TOMATOES,4986,3,,SUBMISSION
507600,TOMATOES,5001,3,SUBMISSION,
508000,TOMATOES,4987,3,,SUBMISSION
508700,TOMATOES,4985,3,,SUBMISSION
509500,TOMATOES,5001,3,SUBMISSION,
510400,TOMATOES,4987,4,,SUBMISSION
510600,TOMATOES,5001,4,SUBMISSION,
513100,TOMATOES,5000,3,SUBMISSION,
513400,TOMATOES,4987,3,,SUBMISSION
513600,TOMATOES,4985,4,,SUBMISSION
513900,TOMATOES,4985,5,,SUBMISSION
514100,TOMATOES,4999,3,SUBMISSION,
514300,TOMATOES,5000,3,SUBMISSION,
515000,TOMATOES,5001,3,SUBMISSION,
515200,TOMATOES,5002,3,SUBMISSION,
515800,TOMATOES,4987,3,,SUBMISSION
516200,TOMATOES,5002,3,SUBMISSION,
517600,TOMATOES,4989,3,,SUBMISSION
518100,TOMATOES,4987,3,,SUBMISSION
518500,TOMATOES,4988,3,,SUBMISSION
520000,TOMATOES,4999,3,SUBMISSION,
520400,TOMATOES,5001,3,SUBMISSION,
520900,TOMATOES,5002,3,SUBMISSION,
521200,TOMATOES,5004,3,SUBMISSION,
521700,TOMATOES,4989,4,,SUBMISSION
522000,TOMATOES,4988,3,,SUBMISSION
524100,TOMATOES,4986,3,,SUBMISSION
527800,TOMATOES,4998,3,SUBMISSION,
528000,TOMATOES,4999,3,SUBMISSION,
528100,TOMATOES,4999,3,SUBMISSION,
528500,TOMATOES,4985,3,,SUBMISSION
529500,TOMATOES,5002,3,SUBMISSION,
529800,TOMATOES,4988,5,,SUBMISSION
532400,TOMATOES,4988,3,,SUBMISSION
532600,TOMATOES,5002,3,SUBMISSION,
532900,TOMATOES,5003,3,SUBMISSION,
534800,TOMATOES,4990,6,,SUBMISSION
534900,TOMATOES,5005,3,SUBMISSION,
535000,TOMATOES,5006,3,SUBMISSION,
536900,TOMATOES,4992,3,,SUBMISSION
537600,TOMATOES,5008,3,SUBMISSION,
538300,TOMATOES,4994,3,,SUBMISSION
538700,TOMATOES,4992,3,,SUBMISSION
539600,TOMATOES,5007,3,SUBMISSION,
540200,TOMATOES,5009,3,SUBMISSION,
540700,TOMATOES,5009,4,SUBMISSION,
541000,TOMATOES,4997,3,,SUBMISSION
541500,TOMATOES,4996,3,,SUBMISSION
542300,TOMATOES,4996,5,,SUBMISSION
542500,TOMATOES,5010,3,SUBMISSION,
542800,TOMATOES,5011,3,SUBMISSION,
543000,TOMATOES,5012,4,SUBMISSION,
543100,TOMATOES,4999,3,,SUBMISSION
543800,TOMATOES,4997,3,,SUBMISSION
545200,TOMATOES,5014,3,SUBMISSION,
545600,TOMATOES,5015,3,SUBMISSION,
546200,TOMATOES,5000,3,,SUBMISSION
546800,TOMATOES,5001,3,,SUBMISSION
547600,TOMATOES,4999,3,,SUBMISSION
548600,TOMATOES,5014,3,SUBMISSION,
549500,TOMATOES,4998,4,,SUBMISSION
549800,TOMATOES,5013,3,SUBMISSION,
550300,TOMATOES,4998,3,,SUBMISSION
550700,TOMATOES,4998,3,,SUBMISSION
550900,TOMATOES,5012,4,SUBMISSION,
553100,TOMATOES,5012,3,SUBMISSION,
553400,TOMATOES,5013,3,SUBMISSION,
554000,TOMATOES,4998,3,,SUBMISSION
554700,TOMATOES,4997,3,,SUBMISSION
556200,TOMATOES,5012,3,SUBMISSION,
557300,TOMATOES,4996,3,,SUBMISSION
557700,TOMATOES,5012,3,SUBMISSION,
557900,TOMATOES,5013,3,SUBMISSION,
558500,TOMATOES,5016,3,SUBMISSION,
559600,TOMATOES,5002,3,,SUBMISSION
560000,TOMATOES,5002,3,,SUBMISSION
561100,TOMATOES,5000,3,,SUBMISSION
561200,TOMATOES,5000,4,,SUBMISSION
562400,TOMATOES,5011,4,SUBMISSION,
563200,TOMATOES,4997,4,,SUBMISSION
563500,TOMATOES,5010,3,SUBMISSION,
564500,TOMATOES,4994,3,,SUBMISSION
565600,TOMATOES,5007,3,SUBMISSION,
566400,TOMATOES,4990,3,,SUBMISSION
566800,TOMATOES,5004,3,SUBMISSION,
569000,TOMATOES,4989,4,,SUBMISSION
569200,TOMATOES,5003,3,SUBMISSION,
569500,TOMATOES,5003,5,SUBMISSION,
569800,TOMATOES,5005,5,SUBMISSION,
569800,TOMATOES,5005,1,SUBMISSION,
570300,TOMATOES,4992,3,,SUBMISSION
572000,TOMATOES,4992,3,,SUBMISSION
572400,TOMATOES,4991,3,,SUBMISSION
574200,TOMATOES,5003,3,SUBMISSION,
575900,TOMATOES,5007,3,SUBMISSION,
578900,TOMATOES,4996,3,,SUBMISSION
579600,TOMATOES,4996,4,,SUBMISSION
579800,TOMATOES,5009,5,SUBMISSION,
580500,TOMATOES,4995,3,,SUBMISSION
582700,TOMATOES,5010,3,SUBMISSION,
583200,TOMATOES,4996,3,,SUBMISSION
587300,TOMATOES,4994,6,,SUBMISSION
587600,TOMATOES,5007,3,SUBMISSION,
588300,TOMATOES,4993,3,,SUBMISSION
588600,TOMATOES,5005,3,SUBMISSION,
589900,TOMATOES,4988,3,,SUBMISSION
590100,TOMATOES,5003,3,SUBMISSION,
590600,TOMATOES,5004,3,SUBMISSION,
591100,TOMATOES,5005,3,SUBMISSION,
591500,TOMATOES,5007,3,SUBMISSION,
592200,TOMATOES,4992,3,,SUBMISSION
593600,TOMATOES,5009,3,SUBMISSION,
593800,TOMATOES,5011,3,SUBMISSION,
594100,TOMATOES,5012,3,SUBMISSION,
594300,TOMATOES,4997,3,,SUBMISSION
594500,TOMATOES,4997,3,,SUBMISSION
594800,TOMATOES,4996,3,,SUBMISSION
595500,TOMATOES,4995,3,,SUBMISSION
596000,TOMATOES,5011,3,SUBMISSION,
596400,TOMATOES,5013,3,SUBMISSION,
597200,TOMATOES,4998,3,,SUBMISSION
598600,TOMATOES,4998,3,,SUBMISSION
599600,TOMATOES,4998,4,,SUBMISSION
600000,TOMATOES,5012,4,SUBMISSION,
601800,TOMATOES,5013,3,SUBMISSION,
602300,TOMATOES,5015,3,SUBMISSION,
602700,TOMATOES,5014,3,SUBMISSION,
602900,TOMATOES,5001,3,,SUBMISSION
603400,TOMATOES,5003,3,,SUBMISSION
603700,TOMATOES,5017,3,SUBMISSION,
604200,TOMATOES,5002,6,,SUBMISSION
605300,TOMATOES,4999,3,,SUBMISSION
605900,TOMATOES,5014,3,SUBMISSION,
606700,TOMATOES,4998,3,,SUBMISSION
607000,TOMATOES,4997,3,,SUBMISSION
607800,TOMATOES,5010,3,SUBMISSION,
608100,TOMATOES,5011,3,SUBMISSION,
608400,TOMATOES,5013,3,SUBMISSION,
609100,TOMATOES,4998,3,,SUBMISSION
609500,TOMATOES,4996,3,,SUBMISSION
610000,TOMATOES,5012,4,SUBMISSION,
610200,TOMATOES,5012,6,SUBMISSION,
610500,TOMATOES,4999,3,,SUBMISSION
610700,TOMATOES,4998,3,,SUBMISSION
610800,TOMATOES,4997,3,,SUBMISSION
611100,TOMATOES,5012,3,SUBMISSION,
611600,TOMATOES,5013,3,SUBMISSION,
612500,TOMATOES,4998,3,,SUBMISSION
613000,TOMATOES,4997,3,,SUBMISSION
614300,TOMATOES,4994,3,,SUBMISSION
614800,TOMATOES,5008,3,SUBMISSION,
615700,TOMATOES,4992,3,,SUBMISSION
615800,TOMATOES,5006,4,SUBMISSION,
616000,TOMATOES,4991,3,,SUBMISSION
617200,TOMATOES,5005,3,SUBMISSION,
618000,TOMATOES,5006,4,SUBMISSION,
618300,TOMATOES,5008,5,SUBMISSION,
619600,TOMATOES,4996,3,,SUBMISSION
620300,TOMATOES,4995,3,,SUBMISSION
621600,TOMATOES,5011,3,SUBMISSION,
622400,TOMATOES,4996,3,,SUBMISSION
622800,TOMATOES,4996,5,,SUBMISSION
623200,TOMATOES,5009,3,SUBMISSION,
623300,TOMATOES,5009,4,SUBMISSION,
623400,TOMATOES,4994,3,,SUBMISSION
623600,TOMATOES,4994,4,,SUBMISSION
624400,TOMATOES,5009,4,SUBMISSION,
625300,TOMATOES,4993,7,,SUBMISSION
625600,TOMATOES,5007,3,SUBMISSION,
625900,TOMATOES,5009,4,SUBMISSION,
626100,TOMATOES,5009,5,SUBMISSION,
627400,TOMATOES,4996,3,,SUBMISSION
628300,TOMATOES,5013,3,SUBMISSION,
628700,TOMATOES,5014,3,SUBMISSION,
629600,TOMATOES,5001,3,,SUBMISSION
629800,TOMATOES,5000,3,,SUBMISSION
630100,TOMATOES,4999,3,,SUBMISSION
631000,TOMATOES,5016,3,SUBMISSION,
631300,TOMATOES,5001,3,,SUBMISSION
631900,TOMATOES,5015,3,SUBMISSION,
632400,TOMATOES,5017,3,SUBMISSION,
632800,TOMATOES,5001,3,,SUBMISSION
633000,TOMATOES,5000,3,,SUBMISSION
633100,TOMATOES,5001,3,,SUBMISSION
633300,TOMATOES,5015,6,SUBMISSION,
633900,TOMATOES,5000,3,,SUBMISSION
634400,TOMATOES,5013,3,SUBMISSION,
634800,TOMATOES,5000,3,,SUBMISSION
637700,TOMATOES,4998,3,,SUBMISSION
638000,TOMATOES,4998,4,,SUBMISSION
638200,TOMATOES,5012,4,SUBMISSION,
638900,TOMATOES,5012,3,SUBMISSION,
639100,TOMATOES,5012,3,SUBMISSION,
641000,TOMATOES,5014,4,SUBMISSION,
641200,TOMATOES,5000,7,,SUBMISSION
642000,TOMATOES,5015,4,SUBMISSION,
642900,TOMATOES,5000,3,,SUBMISSION
644400,TOMATOES,5016,3,SUBMISSION,
645000,TOMATOES,5018,3,SUBMISSION,
646800,TOMATOES,5006,3,,SUBMISSION
647700,TOMATOES,5006,3,,SUBMISSION
649400,TOMATOES,5022,3,SUBMISSION,
650100,TOMATOES,5008,3,,SUBMISSION
651900,TOMATOES,5023,3,SUBMISSION,
652200,TOMATOES,5022,3,SUBMISSION,
653400,TOMATOES,5011,3,,SUBMISSION
654000,TOMATOES,5011,4,,SUBMISSION
654300,TOMATOES,5025,3,SUBMISSION,
655600,TOMATOES,5028,3,SUBMISSION,
655700,TOMATOES,5015,3,,SUBMISSION
656600,TOMATOES,5027,4,SUBMISSION,
656700,TOMATOES,5013,3,,SUBMISSION
657200,TOMATOES,5013,3,,SUBMISSION
658200,TOMATOES,5012,3,,SUBMISSION
658800,TOMATOES,5011,3,,SUBMISSION
658900,TOMATOES,5024,3,SUBMISSION,
659800,TOMATOES,5025,3,SUBMISSION,
660600,TOMATOES,5010,3,,SUBMISSION
660700,TOMATOES,5010,3,,SUBMISSION
660900,TOMATOES,5025,4,SUBMISSION,
661300,TOMATOES,5026,3,SUBMISSION,
662000,TOMATOES,5026,3,SUBMISSION,
662200,TOMATOES,5011,3,,SUBMISSION
663100,TOMATOES,5010,3,,SUBMISSION
663700,TOMATOES,5026,3,SUBMISSION,
663800,TOMATOES,5026,3,SUBMISSION,
664300,TOMATOES,5012,3,,SUBMISSION
666200,TOMATOES,5027,4,SUBMISSION,
666400,TOMATOES,5014,5,,SUBMISSION
669100,TOMATOES,5012,3,,SUBMISSION
671200,TOMATOES,5009,5,,SUBMISSION
671300,TOMATOES,5023,3,SUBMISSION,
672400,TOMATOES,5005,4,,SUBMISSION
672700,TOMATOES,5019,3,SUBMISSION,
673000,TOMATOES,5020,3,SUBMISSION,
673600,TOMATOES,5020,3,SUBMISSION,
673800,TOMATOES,5020,4,SUBMISSION,
674000,TOMATOES,5005,4,,SUBMISSION
674600,TOMATOES,5004,3,,SUBMISSION
675600,TOMATOES,5001,3,,SUBMISSION
676300,TOMATOES,5015,6,SUBMISSION,
676500,TOMATOES,5000,4,,SUBMISSION
676900,TOMATOES,5015,4,SUBMISSION,
677400,TOMATOES,5000,3,,SUBMISSION
679400,TOMATOES,5013,4,SUBMISSION,
679500,TOMATOES,4999,5,,SUBMISSION
679700,TOMATOES,5012,4,SUBMISSION,
680000,TOMATOES,4999,5,,SUBMISSION
680200,TOMATOES,5013,3,SUBMISSION,
680800,TOMATOES,5014,3,SUBMISSION,
681300,TOMATOES,5016,3,SUBMISSION,
682200,TOMATOES,5001,3,,SUBMISSION
682400,TOMATOES,4999,3,,SUBMISSION
683200,TOMATOES,4998,3,,SUBMISSION
683300,TOMATOES,4998,3,,SUBMISSION
683400,TOMATOES,5012,5,SUBMISSION,
683800,TOMATOES,5012,3,SUBMISSION,
685200,TOMATOES,5014,3,SUBMISSION,
685500,TOMATOES,5000,5,,SUBMISSION
688400,TOMATOES,4994,3,,SUBMISSION
689600,TOMATOES,4992,4,,SUBMISSION
689800,TOMATOES,5006,4,SUBMISSION,
690800,TOMATOES,5005,3,SUBMISSION,
691500,TOMATOES,4989,3,,SUBMISSION
692100,TOMATOES,5004,3,SUBMISSION,
693900,TOMATOES,5004,3,SUBMISSION,
695300,TOMATOES,4989,3,,SUBMISSION
696200,TOMATOES,5004,3,SUBMISSION,
696600,TOMATOES,4989,3,,SUBMISSION
696900,TOMATOES,5002,4,SUBMISSION,
697200,TOMATOES,4989,5,,SUBMISSION
697500,TOMATOES,4989,3,,SUBMISSION
697700,TOMATOES,5003,4,SUBMISSION,
700000,TOMATOES,5002,3,SUBMISSION,
700100,TOMATOES,5001,3,SUBMISSION,
700300,TOMATOES,4986,4,,SUBMISSION
700400,TOMATOES,4985,3,,SUBMISSION
701000,TOMATOES,4985,3,,SUBMISSION
701200,TOMATOES,5000,3,SUBMISSION,
701500,TOMATOES,5000,3,SUBMISSION,
703900,TOMATOES,5002,3,SUBMISSION,
704800,TOMATOES,4987,3,,SUBMISSION
706800,TOMATOES,5003,3,SUBMISSION,
707400,TOMATOES,5004,3,SUBMISSION,
707700,TOMATOES,4990,3,,SUBMISSION
708300,TOMATOES,4989,3,,SUBMISSION
708700,TOMATOES,4988,3,,SUBMISSION
709400,TOMATOES,5004,4,SUBMISSION,
709600,TOMATOES,5005,3,SUBMISSION,
710100,TOMATOES,5006,5,SUBMISSION,
710400,TOMATOES,4993,3,,SUBMISSION
710700,TOMATOES,4992,3,,SUBMISSION
712200,TOMATOES,4992,3,,SUBMISSION
712700,TOMATOES,4991,3,,SUBMISSION
713000,TOMATOES,5006,3,SUBMISSION,
713400,TOMATOES,5008,3,SUBMISSION,
714000,TOMATOES,5009,3,SUBMISSION,
714500,TOMATOES,4994,3,,SUBMISSION
714600,TOMATOES,5008,3,SUBMISSION,
714800,TOMATOES,4995,3,,SUBMISSION
715800,TOMATOES,5011,4,SUBMISSION,
716300,TOMATOES,4998,5,,SUBMISSION
717600,TOMATOES,5012,4,SUBMISSION,
718100,TOMATOES,5000,5,,SUBMISSION
719300,TOMATOES,4999,4,,SUBMISSION
719400,TOMATOES,5013,3,SUBMISSION,
722400,TOMATOES,4997,5,,SUBMISSION
722700,TOMATOES,5011,3,SUBMISSION,
722800,TOMATOES,4997,3,,SUBMISSION
723300,TOMATOES,5010,6,SUBMISSION,
723900,TOMATOES,4995,4,,SUBMISSION
724800,TOMATOES,5010,3,SUBMISSION,
725500,TOMATOES,4994,3,,SUBMISSION
726000,TOMATOES,5009,3,SUBMISSION,
726100,TOMATOES,4995,4,,SUBMISSION
726300,TOMATOES,5009,3,SUBMISSION,
726400,TOMATOES,5009,3,SUBMISSION,
726700,TOMATOES,4994,3,,SUBMISSION
727300,TOMATOES,5009,3,SUBMISSION,
727900,TOMATOES,5010,3,SUBMISSION,
728300,TOMATOES,4996,3,,SUBMISSION
730100,TOMATOES,5013,3,SUBMISSION,
730600,TOMATOES,4999,3,,SUBMISSION
731400,TOMATOES,4998,3,,SUBMISSION
732700,TOMATOES,4996,3,,SUBMISSION
733800,TOMATOES,5010,3,SUBMISSION,
734900,TOMATOES,5010,3,SUBMISSION,
735200,TOMATOES,4998,3,,SUBMISSION
735300,TOMATOES,5012,3,SUBMISSION,
736300,TOMATOES,4996,3,,SUBMISSION
738700,TOMATOES,5011,3,SUBMISSION,
740500,TOMATOES,4997,3,,SUBMISSION
740800,TOMATOES,4997,3,,SUBMISSION
741100,TOMATOES,5010,3,SUBMISSION,
743300,TOMATOES,4997,3,,SUBMISSION
743400,TOMATOES,5011,3,SUBMISSION,
744400,TOMATOES,4994,3,,SUBMISSION
745400,TOMATOES,5008,3,SUBMISSION,
745800,TOMATOES,5008,3,SUBMISSION,
746300,TOMATOES,4995,5,,SUBMISSION
746500,TOMATOES,5010,4,SUBMISSION,
746700,TOMATOES,5011,3,SUBMISSION,
747500,TOMATOES,4996,3,,SUBMISSION
747600,TOMATOES,5010,3,SUBMISSION,
747800,TOMATOES,4995,4,,SUBMISSION
748800,TOMATOES,4993,4,,SUBMISSION
749500,TOMATOES,5008,3,SUBMISSION,
750200,TOMATOES,5010,3,SUBMISSION,
750300,TOMATOES,5009,4,SUBMISSION,
750400,TOMATOES,4995,3,,SUBMISSION
750600,TOMATOES,4993,4,,SUBMISSION
751400,TOMATOES,4993,3,,SUBMISSION
751600,TOMATOES,5008,3,SUBMISSION,
752000,TOMATOES,5009,3,SUBMISSION,
752500,TOMATOES,4995,5,,SUBMISSION
752700,TOMATOES,5009,4,SUBMISSION,
754700,TOMATOES,4994,3,,SUBMISSION
755700,TOMATOES,4994,4,,SUBMISSION
755800,TOMATOES,5008,3,SUBMISSION,
756000,TOMATOES,5009,4,SUBMISSION,
756500,TOMATOES,5009,4,SUBMISSION,
757200,TOMATOES,4996,3,,SUBMISSION
757800,TOMATOES,4995,3,,SUBMISSION
758200,TOMATOES,5011,3,SUBMISSION,
759100,TOMATOES,4996,4,,SUBMISSION
759500,TOMATOES,5010,5,SUBMISSION,
760100,TOMATOES,4996,3,,SUBMISSION
760600,TOMATOES,4995,3,,SUBMISSION
760800,TOMATOES,5011,3,SUBMISSION,
761000,TOMATOES,5012,3,SUBMISSION,
761500,TOMATOES,4998,3,,SUBMISSION
761800,TOMATOES,5012,3,SUBMISSION,
762000,TOMATOES,5014,3,SUBMISSION,
762100,TOMATOES,5014,3,SUBMISSION,
762400,TOMATOES,5002,4,,SUBMISSION
764400,TOMATOES,5019,3,SUBMISSION,
764800,TOMATOES,5004,3,,SUBMISSION
764900,TOMATOES,5004,6,,SUBMISSION
765100,TOMATOES,5018,3,SUBMISSION,
768700,TOMATOES,5021,3,SUBMISSION,
769000,TOMATOES,5007,3,,SUBMISSION
769300,TOMATOES,5006,3,,SUBMISSION
770700,TOMATOES,5022,4,SUBMISSION,
773200,TOMATOES,5008,3,,SUBMISSION
773800,TOMATOES,5024,3,SUBMISSION,
776100,TOMATOES,5010,3,,SUBMISSION
777300,TOMATOES,5026,3,SUBMISSION,
777500,TOMATOES,5026,4,SUBMISSION,
777800,TOMATOES,5013,3,,SUBMISSION
778000,TOMATOES,5012,3,,SUBMISSION
779100,TOMATOES,5012,3,,SUBMISSION
779400,TOMATOES,5026,3,SUBMISSION,
780400,TOMATOES,5012,5,,SUBMISSION
780600,TOMATOES,5027,4,SUBMISSION,
781400,TOMATOES,5013,4,,SUBMISSION
781600,TOMATOES,5026,3,SUBMISSION,
782200,TOMATOES,5012,3,,SUBMISSION
783300,TOMATOES,5023,3,SUBMISSION,
783700,TOMATOES,5008,3,,SUBMISSION
783800,TOMATOES,5009,4,,SUBMISSION
784000,TOMATOES,5022,3,SUBMISSION,
784200,TOMATOES,5023,3,SUBMISSION,
784400,TOMATOES,5009,3,,SUBMISSION
784700,TOMATOES,5023,3,SUBMISSION,
785400,TOMATOES,5005,3,,SUBMISSION
786000,TOMATOES,5021,3,SUBMISSION,
786200,TOMATOES,5022,3,SUBMISSION,
786600,TOMATOES,5023,3,SUBMISSION,
787500,TOMATOES,5010,5,,SUBMISSION
787700,TOMATOES,5024,3,SUBMISSION,
788800,TOMATOES,5025,4,SUBMISSION,
789400,TOMATOES,5011,3,,SUBMISSION
789700,TOMATOES,5010,3,,SUBMISSION
792200,TOMATOES,5010,5,,SUBMISSION
792400,TOMATOES,5025,4,SUBMISSION,
792600,TOMATOES,5025,3,SUBMISSION,
793000,TOMATOES,5013,3,,SUBMISSION
793100,TOMATOES,5027,5,SUBMISSION,
793100,TOMATOES,5027,1,SUBMISSION,
793400,TOMATOES,5011,3,,SUBMISSION
793600,TOMATOES,5010,3,,SUBMISSION
794800,TOMATOES,5010,5,,SUBMISSION
795000,TOMATOES,5023,3,SUBMISSION,
795500,TOMATOES,5023,3,SUBMISSION,
796100,TOMATOES,5025,5,SUBMISSION,
796800,TOMATOES,5010,4,,SUBMISSION
797800,TOMATOES,5026,4,SUBMISSION,
799500,TOMATOES,5015,4,,SUBMISSION
799600,TOMATOES,5014,4,,SUBMISSION
799900,TOMATOES,5027,3,SUBMISSION,
800000,TOMATOES,5027,3,SUBMISSION,
800300,TOMATOES,5013,3,,SUBMISSION
801000,TOMATOES,5029,3,SUBMISSION,
801700,TOMATOES,5014,3,,SUBMISSION
802300,TOMATOES,5011,4,,SUBMISSION
803200,TOMATOES,5024,3,SUBMISSION,
803700,TOMATOES,5010,3,,SUBMISSION
804600,TOMATOES,5024,3,SUBMISSION,
805100,TOMATOES,5026,4,SUBMISSION,
807500,TOMATOES,5015,5,,SUBMISSION
807700,TOMATOES,5028,3,SUBMISSION,
808700,TOMATOES,5030,3,SUBMISSION,
808900,TOMATOES,5029,3,SUBMISSION,
809100,TOMATOES,5014,5,,SUBMISSION
809400,TOMATOES,5014,3,,SUBMISSION
811700,TOMATOES,5014,4,,SUBMISSION
812000,TOMATOES,5027,3,SUBMISSION,
812400,TOMATOES,5029,3,SUBMISSION,
813300,TOMATOES,5031,3,SUBMISSION,
813500,TOMATOES,5032,3,SUBMISSION,
814500,TOMATOES,5018,3,,SUBMISSION
814600,TOMATOES,5018,4,,SUBMISSION
814900,TOMATOES,5032,3,SUBMISSION,
815300,TOMATOES,5034,3,SUBMISSION,
817000,TOMATOES,5023,3,,SUBMISSION
818200,TOMATOES,5024,3,,SUBMISSION
818400,TOMATOES,5038,3,SUBMISSION,
819800,TOMATOES,5024,3,,SUBMISSION
820300,TOMATOES,5022,3,,SUBMISSION
820400,TOMATOES,5035,3,SUBMISSION,
820500,TOMATOES,5021,3,,SUBMISSION
820900,TOMATOES,5021,3,,SUBMISSION
821100,TOMATOES,5036,3,SUBMISSION,
822100,TOMATOES,5036,3,SUBMISSION,
822700,TOMATOES,5021,5,,SUBMISSION
822900,TOMATOES,5035,3,SUBMISSION,
823600,TOMATOES,5036,3,SUBMISSION,
825100,TOMATOES,5021,3,,SUBMISSION
827100,TOMATOES,5033,3,SUBMISSION,
828600,TOMATOES,5018,4,,SUBMISSION
829700,TOMATOES,5033,3,SUBMISSION,
831200,TOMATOES,5033,5,SUBMISSION,
831400,TOMATOES,5019,3,,SUBMISSION
831600,TOMATOES,5018,3,,SUBMISSION
832100,TOMATOES,5016,3,,SUBMISSION
832400,TOMATOES,5016,6,,SUBMISSION
832700,TOMATOES,5030,3,SUBMISSION,
833100,TOMATOES,5029,3,SUBMISSION,
833400,TOMATOES,5030,4,SUBMISSION,
834200,TOMATOES,5030,4,SUBMISSION,
834600,TOMATOES,5016,4,,SUBMISSION
835000,TOMATOES,5015,3,,SUBMISSION
835200,TOMATOES,5015,5,,SUBMISSION
835400,TOMATOES,5028,3,SUBMISSION,
835700,TOMATOES,5029,3,SUBMISSION,
835800,TOMATOES,5015,3,,SUBMISSION
836100,TOMATOES,5028,3,SUBMISSION,
836700,TOMATOES,5012,3,,SUBMISSION
838000,TOMATOES,5026,3,SUBMISSION,
839100,TOMATOES,5026,3,SUBMISSION,
840000,TOMATOES,5011,3,,SUBMISSION
840100,TOMATOES,5010,4,,SUBMISSION
840300,TOMATOES,5024,3,SUBMISSION,
840800,TOMATOES,5025,3,SUBMISSION,
842500,TOMATOES,5011,5,,SUBMISSION
843000,TOMATOES,5024,3,SUBMISSION,
843200,TOMATOES,5025,3,SUBMISSION,
843600,TOMATOES,5011,3,,SUBMISSION
844400,TOMATOES,5025,3,SUBMISSION,
845400,TOMATOES,5010,7,,SUBMISSION
845500,TOMATOES,5024,3,SUBMISSION,
845700,TOMATOES,5026,4,SUBMISSION,
847200,TOMATOES,5011,4,,SUBMISSION
847300,TOMATOES,5011,3,,SUBMISSION
847500,TOMATOES,5024,4,SUBMISSION,
847900,TOMATOES,5025,3,SUBMISSION,
848700,TOMATOES,5026,5,SUBMISSION,
848700,TOMATOES,5026,1,SUBMISSION,
848900,TOMATOES,5013,3,,SUBMISSION
849100,TOMATOES,5011,3,,SUBMISSION
849300,TOMATOES,5010,3,,SUBMISSION
849800,TOMATOES,5026,3,SUBMISSION,
850700,TOMATOES,5027,5,SUBMISSION,
851200,TOMATOES,5014,3,,SUBMISSION
851500,TOMATOES,5030,3,SUBMISSION,
851600,TOMATOES,5030,3,SUBMISSION,
852300,TOMATOES,5017,4,,SUBMISSION
852500,TOMATOES,5016,3,,SUBMISSION
852700,TOMATOES,5015,3,,SUBMISSION
854000,TOMATOES,5031,4,SUBMISSION,
854500,TOMATOES,5016,4,,SUBMISSION
855000,TOMATOES,5031,3,SUBMISSION,
858800,TOMATOES,5019,4,,SUBMISSION
859500,TOMATOES,5033,3,SUBMISSION,
862900,TOMATOES,5036,3,SUBMISSION,
864400,TOMATOES,5022,3,,SUBMISSION
864500,TOMATOES,5022,4,,SUBMISSION
864600,TOMATOES,5037,3,SUBMISSION,
864800,TOMATOES,5037,5,SUBMISSION,
865900,TOMATOES,5024,3,,SUBMISSION
867300,TOMATOES,5024,3,,SUBMISSION
867900,TOMATOES,5024,3,,SUBMISSION
868100,TOMATOES,5039,4,SUBMISSION,
868700,TOMATOES,5024,4,,SUBMISSION
869200,TOMATOES,5037,3,SUBMISSION,
869800,TOMATOES,5021,3,,SUBMISSION
870100,TOMATOES,5020,6,,SUBMISSION
870300,TOMATOES,5034,3,SUBMISSION,
870500,TOMATOES,5034,3,SUBMISSION,
870900,TOMATOES,5019,5,,SUBMISSION
871100,TOMATOES,5034,3,SUBMISSION,
871300,TOMATOES,5033,3,SUBMISSION,
872700,TOMATOES,5033,3,SUBMISSION,
874600,TOMATOES,5019,3,,SUBMISSION
875000,TOMATOES,5034,4,SUBMISSION,
875100,TOMATOES,5033,4,SUBMISSION,
875400,TOMATOES,5020,3,,SUBMISSION
875600,TOMATOES,5018,3,,SUBMISSION
875900,TOMATOES,5017,3,,SUBMISSION
876400,TOMATOES,5032,3,SUBMISSION,
877800,TOMATOES,5015,3,,SUBMISSION
878000,TOMATOES,5014,3,,SUBMISSION
879200,TOMATOES,5027,3,SUBMISSION,
879800,TOMATOES,5028,3,SUBMISSION,
880000,TOMATOES,5029,3,SUBMISSION,
880400,TOMATOES,5030,4,SUBMISSION,
881000,TOMATOES,5016,4,,SUBMISSION
881900,TOMATOES,5032,3,SUBMISSION,
882700,TOMATOES,5018,3,,SUBMISSION
882800,TOMATOES,5032,3,SUBMISSION,
883800,TOMATOES,5036,3,SUBMISSION,
884000,TOMATOES,5021,3,,SUBMISSION
884300,TOMATOES,5021,6,,SUBMISSION
884800,TOMATOES,5035,3,SUBMISSION,
886300,TOMATOES,5037,3,SUBMISSION,
887000,TOMATOES,5023,3,,SUBMISSION
887400,TOMATOES,5022,5,,SUBMISSION
887600,TOMATOES,5037,3,SUBMISSION,
888100,TOMATOES,5038,3,SUBMISSION,
888300,TOMATOES,5038,4,SUBMISSION,
888500,TOMATOES,5024,3,,SUBMISSION
888600,TOMATOES,5023,5,,SUBMISSION
889800,TOMATOES,5037,5,SUBMISSION,
890000,TOMATOES,5023,3,,SUBMISSION
890400,TOMATOES,5022,3,,SUBMISSION
890600,TOMATOES,5021,4,,SUBMISSION
891000,TOMATOES,5035,3,SUBMISSION,
891500,TOMATOES,5035,4,SUBMISSION,
893600,TOMATOES,5038,3,SUBMISSION,
894200,TOMATOES,5023,3,,SUBMISSION
894600,TOMATOES,5024,4,,SUBMISSION
894700,TOMATOES,5038,3,SUBMISSION,
895000,TOMATOES,5039,4,SUBMISSION,
896100,TOMATOES,5025,3,,SUBMISSION
896700,TOMATOES,5025,5,,SUBMISSION
897000,TOMATOES,5039,4,SUBMISSION,
897300,TOMATOES,5023,3,,SUBMISSION
897600,TOMATOES,5040,5,SUBMISSION,
897800,TOMATOES,5042,4,SUBMISSION,
898300,TOMATOES,5026,3,,SUBMISSION
898900,TOMATOES,5025,4,,SUBMISSION
899700,TOMATOES,5023,3,,SUBMISSION
899900,TOMATOES,5038,3,SUBMISSION,
900300,TOMATOES,5023,3,,SUBMISSION
900800,TOMATOES,5021,3,,SUBMISSION
901300,TOMATOES,5036,3,SUBMISSION,
901600,TOMATOES,5037,3,SUBMISSION,
901800,TOMATOES,5038,3,SUBMISSION,
902000,TOMATOES,5039,3,SUBMISSION,
902200,TOMATOES,5039,3,SUBMISSION,
902400,TOMATOES,5025,3,,SUBMISSION
902700,TOMATOES,5025,3,,SUBMISSION
903300,TOMATOES,5024,3,,SUBMISSION
903400,TOMATOES,5037,3,SUBMISSION,
903600,TOMATOES,5022,5,,SUBMISSION
904900,TOMATOES,5037,3,SUBMISSION,
905600,TOMATOES,5039,3,SUBMISSION,
906300,TOMATOES,5024,3,,SUBMISSION
907200,TOMATOES,5022,3,,SUBMISSION
907500,TOMATOES,5020,3,,SUBMISSION
908000,TOMATOES,5035,3,SUBMISSION,
909000,TOMATOES,5018,3,,SUBMISSION
909200,TOMATOES,5033,5,SUBMISSION,
911200,TOMATOES,5018,3,,SUBMISSION
912400,TOMATOES,5015,3,,SUBMISSION
912800,TOMATOES,5028,3,SUBMISSION,
913000,TOMATOES,5013,3,,SUBMISSION
913500,TOMATOES,5029,3,SUBMISSION,
913600,TOMATOES,5030,3,SUBMISSION,
915700,TOMATOES,5013,3,,SUBMISSION
915800,TOMATOES,5013,4,,SUBMISSION
916100,TOMATOES,5026,3,SUBMISSION,
916200,TOMATOES,5012,3,,SUBMISSION
916400,TOMATOES,5026,3,SUBMISSION,
916500,TOMATOES,5025,3,SUBMISSION,
916900,TOMATOES,5013,3,,SUBMISSION
917000,TOMATOES,5027,3,SUBMISSION,
917200,TOMATOES,5027,3,SUBMISSION,
917600,TOMATOES,5028,6,SUBMISSION,
917800,TOMATOES,5014,3,,SUBMISSION
918700,TOMATOES,5014,3,,SUBMISSION
919400,TOMATOES,5012,3,,SUBMISSION
919900,TOMATOES,5029,3,SUBMISSION,
920100,TOMATOES,5030,3,SUBMISSION,
920500,TOMATOES,5031,4,SUBMISSION,
920800,TOMATOES,5017,3,,SUBMISSION
920900,TOMATOES,5017,3,,SUBMISSION
922000,TOMATOES,5032,5,SUBMISSION,
922200,TOMATOES,5018,4,,SUBMISSION
923300,TOMATOES,5018,3,,SUBMISSION
923600,TOMATOES,5016,3,,SUBMISSION
925200,TOMATOES,5030,3,SUBMISSION,
925500,TOMATOES,5032,3,SUBMISSION,
925700,TOMATOES,5033,3,SUBMISSION,
925800,TOMATOES,5033,3,SUBMISSION,
926000,TOMATOES,5018,5,,SUBMISSION
927000,TOMATOES,5019,6,,SUBMISSION
927000,TOMATOES,5019,1,,SUBMISSION
927200,TOMATOES,5034,4,SUBMISSION,
927400,TOMATOES,5032,3,SUBMISSION,
927700,TOMATOES,5019,3,,SUBMISSION
928500,TOMATOES,5019,5,,SUBMISSION
928700,TOMATOES,5033,4,SUBMISSION,
929600,TOMATOES,5017,3,,SUBMISSION
930000,TOMATOES,5033,3,SUBMISSION,
931900,TOMATOES,5033,3,SUBMISSION,
932300,TOMATOES,5019,3,,SUBMISSION
933300,TOMATOES,5034,3,SUBMISSION,
933600,TOMATOES,5018,3,,SUBMISSION
933800,TOMATOES,5017,4,,SUBMISSION
934100,TOMATOES,5016,3,,SUBMISSION
934900,TOMATOES,5029,3,SUBMISSION,
935400,TOMATOES,5030,4,SUBMISSION,
937200,TOMATOES,5032,3,SUBMISSION,
937300,TOMATOES,5018,3,,SUBMISSION
937500,TOMATOES,5033,3,SUBMISSION,
938500,TOMATOES,5017,3,,SUBMISSION
939000,TOMATOES,5016,3,,SUBMISSION
939900,TOMATOES,5031,3,SUBMISSION,
940200,TOMATOES,5032,3,SUBMISSION,
940900,TOMATOES,5018,3,,SUBMISSION
941900,TOMATOES,5016,3,,SUBMISSION
945100,TOMATOES,5028,3,SUBMISSION,
945400,TOMATOES,5013,3,,SUBMISSION
948800,TOMATOES,5024,3,SUBMISSION,
948900,TOMATOES,5011,3,,SUBMISSION
949000,TOMATOES,5025,3,SUBMISSION,
949600,TOMATOES,5008,3,,SUBMISSION
949900,TOMATOES,5006,4,,SUBMISSION
950300,TOMATOES,5021,3,SUBMISSION,
951200,TOMATOES,5006,4,,SUBMISSION
951900,TOMATOES,5002,3,,SUBMISSION
952300,TOMATOES,5016,4,SUBMISSION,
952500,TOMATOES,5016,3,SUBMISSION,
952800,TOMATOES,5017,3,SUBMISSION,
953100,TOMATOES,5019,4,SUBMISSION,
953800,TOMATOES,5004,5,,SUBMISSION
954600,TOMATOES,5002,5,,SUBMISSION
954800,TOMATOES,5016,3,SUBMISSION,
955100,TOMATOES,5017,3,SUBMISSION,
955200,TOMATOES,5017,5,SUBMISSION,
955400,TOMATOES,5002,3,,SUBMISSION
957400,TOMATOES,5019,3,SUBMISSION,
958900,TOMATOES,5006,3,,SUBMISSION
959300,TOMATOES,5005,3,,SUBMISSION
959900,TOMATOES,5003,3,,SUBMISSION
961000,TOMATOES,5017,3,SUBMISSION,
961400,TOMATOES,5018,3,SUBMISSION,
962100,TOMATOES,5003,3,,SUBMISSION
962500,TOMATOES,5017,5,SUBMISSION,
962700,TOMATOES,5003,3,,SUBMISSION
964600,TOMATOES,5002,3,,SUBMISSION
965500,TOMATOES,5016,5,SUBMISSION,
965900,TOMATOES,5002,3,,SUBMISSION
968800,TOMATOES,5016,3,SUBMISSION,
969200,TOMATOES,5002,4,,SUBMISSION
969500,TOMATOES,5017,4,SUBMISSION,
970000,TOMATOES,5004,3,,SUBMISSION
970100,TOMATOES,5018,3,SUBMISSION,
970700,TOMATOES,5002,3,,SUBMISSION
971400,TOMATOES,5018,3,SUBMISSION,
971500,TOMATOES,5018,4,SUBMISSION,
972100,TOMATOES,5004,6,,SUBMISSION
972100,TOMATOES,5004,1,,SUBMISSION
974400,TOMATOES,5003,4,,SUBMISSION
974600,TOMATOES,5016,3,SUBMISSION,
974900,TOMATOES,5016,4,SUBMISSION,
976900,TOMATOES,5020,3,SUBMISSION,
977700,TOMATOES,5006,3,,SUBMISSION
978500,TOMATOES,5006,5,,SUBMISSION
978800,TOMATOES,5020,3,SUBMISSION,
979500,TOMATOES,5004,3,,SUBMISSION
980100,TOMATOES,5020,4,SUBMISSION,
980500,TOMATOES,5021,3,SUBMISSION,
981300,TOMATOES,5005,3,,SUBMISSION
981800,TOMATOES,5005,3,,SUBMISSION
982100,TOMATOES,5003,3,,SUBMISSION
982600,TOMATOES,5019,3,SUBMISSION,
983700,TOMATOES,5002,3,,SUBMISSION
983900,TOMATOES,5002,3,,SUBMISSION
984200,TOMATOES,5015,3,SUBMISSION,
984300,TOMATOES,5016,5,SUBMISSION,
984600,TOMATOES,5003,3,,SUBMISSION
984900,TOMATOES,5016,5,SUBMISSION,
985100,TOMATOES,5002,3,,SUBMISSION
986400,TOMATOES,5017,3,SUBMISSION,
987900,TOMATOES,5002,3,,SUBMISSION
988400,TOMATOES,5018,3,SUBMISSION,
989000,TOMATOES,5003,3,,SUBMISSION
990800,TOMATOES,5016,4,SUBMISSION,
992900,TOMATOES,5021,3,SUBMISSION,
993500,TOMATOES,5007,3,,SUBMISSION
993900,TOMATOES,5005,3,,SUBMISSION
994200,TOMATOES,5004,3,,SUBMISSION
995000,TOMATOES,5003,5,,SUBMISSION
995100,TOMATOES,5017,3,SUBMISSION,
995400,TOMATOES,5018,3,SUBMISSION,
995500,TOMATOES,5018,4,SUBMISSION,
995700,TOMATOES,5018,3,SUBMISSION,
995900,TOMATOES,5004,4,,SUBMISSION
997400,TOMATOES,5003,3,,SUBMISSION
997600,TOMATOES,5002,3,,SUBMISSION
998000,TOMATOES,5002,3,,SUBMISSION
998300,TOMATOES,5015,3,SUBMISSION,
